2438 3998
595 214 623 268 lt
1068 217 1108 281 61

189 358 260 436 quid
285 359 324 419 sit
346 358 389 418 ihi
411 376 515 439 porro,
539 376 598 437 quo
620 362 793 440 prospicere
816 381 911 443 usque
934 363 1005 424 velit
1026 382 1110 425 meus

188 452 277 524 atque
301 447 392 506 animi
415 449 510 507 iactus
533 446 611 508 liber
634 467 692 527 quo
715 450 848 528 pervolet
871 454 944 530 ipse.

232 533 381 614 Principio
405 534 492 595 nobis
516 537 548 595 in
571 544 693 597 cunctas
716 537 847 618 undique
870 543 963 618 partis

101 638 169 689 1010
188 629 219 682 00
242 621 333 682 latere
358 641 394 682 ex
416 630 544 702 utroque
566 641 664 702 supro
686 634 847 705 supterque
870 646 925 706 per
947 646 1035 689 omno

98 726 173 778 1050
187 709 296 771 nullast
318 711 400 791 finis;
423 713 468 771 uti
492 711 592 792 docui,
615 730 663 772 res
686 716 810 793 ipsaque
832 733 887 793 per
909 734 942 777 se
1057 729 1110 771 1000

189 799 379 879 vociferatur,
403 805 433 858 et
455 797 553 860 elucet
574 807 679 861 natura
701 801 850 880 profundi.

188 885 269 946 nullo
293 888 351 946 iam
374 893 459 965 pacto
482 889 546 948 veri
570 887 665 948 simile
688 906 754 950 esse
777 891 982 972 putandumst,

188 974 320 1052 undique
344 992 411 1034 cum
434 992 554 1036 vorsum
578 978 705 1054 spatium
728 984 812 1038 vacet
833 979 984 1040 infinitum

101 1078 171 1129 1000
190 1065 361 1140 seminaque
385 1064 541 1124 innumero
564 1081 689 1124 numero
712 1083 884 1145 summaque
907 1067 1052 1146 profunda

101 1167 173 1218 1055
187 1149 370 1210 multimodis
392 1150 516 1211 volitent
538 1159 658 1212 aeterno
681 1155 794 1231 percita
816 1162 912 1236 motu,
1057 1167 1110 1209 1⁰⁶⁶

189 1237 268 1299 hunc
291 1256 385 1317 unum
407 1245 556 1300 terrarum
579 1238 680 1300 orbem
704 1241 877 1321 caelumque
900 1249 1045 1319 creatum,

189 1326 231 1387 nil
255 1344 341 1405 agere
364 1326 414 1386 illa
437 1326 510 1387 foris
533 1334 577 1388 tot
603 1345 727 1407 corpora
749 1332 897 1412 materiai3

190 1432 257 1475 cum
280 1416 457 1493 praesertim
479 1415 528 1475 hic
552 1417 591 1476 sit
613 1423 718 1477 natura
741 1418 836 1479 factus
859 1421 989 1499 etipse,

102 1517 171 1570 1000
190 1510 294 1582 sponte
318 1521 372 1562 sua
395 1503 471 1563 forte
493 1503 663 1564 offensando
684 1506 720 1566 ut
742 1508 856 1566 semina
876 1524 978 1566 rerum

103 1607 175 1658 1060
190 1590 374 1652 multimodis
396 1598 509 1652 temere
532 1594 564 1652 in
587 1610 704 1652 cassum
727 1593 895 1672 frustraque
918 1601 1018 1654 coacta
1057 1607 1110 1648 1000

189 1679 308 1739 tandem
332 1678 488 1740 coluerunt
512 1697 644 1758 eaquae
668 1688 805 1741 concreta
827 1687 950 1759 repente

189 1785 363 1846 magnarum
385 1785 487 1829 rerum
509 1768 616 1827 fierent
638 1767 758 1828 exordia
781 1785 912 1848 semper,

189 1857 282 1915 terrai
303 1857 395 1915 maris
419 1861 449 1915 et
472 1854 545 1915 caeli
567 1857 745 1934 generisque
762 1858 952 1916 animantum.

102 1960 171 2008 1060
191 1961 282 2022 quare
306 1945 395 2003 etiam
418 1949 505 2022 atque
529 1944 618 2004 etiam
640 1942 708 2003 talis
731 1944 840 2004 fateare
863 1951 1016 2005 necessest

102 2047 174 2097 1065
190 2049 257 2091 esse
281 2029 353 2091 alios
376 2030 447 2091 alibi
469 2048 646 2111 congressus
669 2034 816 2112 materiai,
1056 2047 1108 2088 roos

191 2116 286 2198 qualis
308 2118 357 2178 hic
380 2126 438 2199 est,
461 2119 546 2179 avido
570 2118 725 2197 complexu
747 2138 836 2199 quem
858 2127 942 2180 tenet
963 2120 1073 2182 aether.

234 2205 391 2266 Praeterea
413 2224 480 2267 cum
503 2209 643 2267 materies
665 2215 711 2268 est
733 2207 826 2269 multa
847 2215 961 2289 parata,

190 2312 258 2355 oum
280 2292 363 2354 locus
387 2301 432 2355 est
454 2302 585 2376 praesto,
607 2313 663 2356 nec
684 2314 734 2356 res
757 2314 813 2356 uec
836 2313 925 2356 causa
946 2303 1079 2357 moratur

102 2400 171 2449 1000
190 2381 263 2462 ulla,
286 2384 350 2461 geri
373 2380 495 2463 debent,
517 2384 671 2464 nimirum,
694 2389 724 2444 et
746 2385 870 2444 confieri
892 2401 950 2444 res.

101 2487 174 2538 1070
188 2489 267 2531 nunc
290 2476 321 2530 00
342 2469 505 2531 seminibus
529 2473 556 2530 si
577 2477 687 2531 tantast
709 2474 793 2550 copia
816 2478 955 2550 quantam
1057 2486 1111 2527 roro

190 2576 364 2619 enumerare
387 2566 468 2618 aetas
491 2561 672 2619 animantum
695 2576 755 2619 non
778 2566 867 2638 queat
890 2561 1000 2641 omnis,

597 2665 615 2704 11

191 2736 275 2814 sique
299 2731 402 2793 eadem
424 2740 529 2793 natura
552 2741 664 2815 manet,
688 2752 763 2813 quae
787 2736 899 2794 semina
923 2752 1024 2795 rerum

191 2824 327 2882 conicere
349 2822 381 2880 in
404 2819 468 2882 loca
491 2839 624 2900 quaeque
648 2828 737 2900 queat
760 2822 851 2883 simili
873 2825 987 2885 ratione

103 2926 172 2975 1010
190 2916 277 2987 atque
300 2908 358 2969 huc
382 2915 452 2969 sunt
474 2911 619 2989 coniecta,
642 2915 795 2970 necessest
817 2911 977 2972 confiteare

101 3010 175 3062 1070
188 3015 254 3057 0000
278 2994 351 3056 alios
375 2996 441 3056 aliis
464 3002 610 3057 terrarum
634 2998 664 3056 in
688 2996 824 3076 partibus
847 2998 928 3059 orbis
1058 3013 1111 3054 sors

190 3092 221 3146 00
241 3087 337 3145 varias
359 3084 512 3144 hominum
536 3087 633 3163 gentis
656 3092 687 3146 et
709 3085 804 3146 saecla
827 3086 965 3147 ferarum.

232 3172 297 3234 Huc
320 3172 434 3232 accedit
456 3179 489 3232 ut
510 3174 543 3232 in
566 3191 680 3234 summa
703 3190 752 3235 res
775 3173 856 3234 nulla
879 3175 919 3234 sit
940 3193 1013 3257 una,

188 3263 275 3321 unica
299 3278 373 3340 quae
396 3263 537 3347 gignatur
557 3268 588 3322 et
609 3264 697 3322 unica
720 3261 840 3341 solaque
863 3269 990 3344 crescat,

101 3352 262 3428 10100010
284 3348 423 3428 aliquoiu'
446 3350 504 3410 siet
526 3348 616 3410 saecli
638 3350 843 3429 permultaque
867 3349 971 3410 eodem

100 3452 173 3504 1000
188 3440 248 3498 sint
270 3454 388 3516 genere.
424 3439 457 3497 in
478 3439 585 3516 primis
607 3438 783 3498 animalibus
801 3440 879 3498 inice
898 3446 1111 3519 mentem31ooo

188 3528 321 3586 invenies
345 3527 388 3586 sic
410 3528 610 3605 montivagum
633 3544 726 3605 genus
749 3544 815 3586 esse
839 3527 983 3608 ferarum,
