2438 3998
153 253 200 318 40
642 253 669 307 II

155 409 209 459 220
227 401 367 481 quiddam
390 401 468 481 quod
491 408 592 462 contra
615 419 747 481 pugnare
771 400 946 480 obstareque
968 399 1084 480 possit?

226 492 311 551 euius
334 489 370 551 ad
394 489 550 550 arbitrium
573 508 691 568 quoquc
714 491 799 569 copia
820 491 954 550 materiai

227 580 343 657 cogitur
364 578 513 639 interdum
536 578 616 638 flecti
638 595 693 657 per
715 577 847 638 membra
869 594 924 656 per
945 584 1027 638 artus

227 674 257 727 et
278 668 410 746 proiecta
432 667 599 727 refrenatur
621 672 760 745 retroque
783 665 896 726 residit.
955 673 957 676 ⁴

228 773 318 833 quare
341 757 373 815 in
396 754 559 815 seminibus
582 772 699 833 quoque
722 753 801 814 idem
823 754 932 814 fateare
955 761 1120 835 necessest,

156 848 207 898 285
228 860 293 903 osse
316 842 402 903 aliam
424 849 543 923 praeter
564 842 665 921 plagas
687 848 717 903 et
738 841 870 921 pondera
892 860 1010 902 causam

226 930 369 1012 motibus,
390 931 469 991 unde
492 931 564 992 haec
587 937 632 991 est
654 928 740 990 nohis
763 931 863 990 innata
885 937 1041 1012 potestas3,

227 1019 264 1079 de
286 1019 347 1080 nilo
370 1021 508 1098 quoniam
530 1020 597 1079 lieri
618 1018 660 1078 nil
682 1035 770 1097 posse
793 1017 935 1079 videmus.

226 1107 343 1186 pondus
364 1109 444 1168 enirn
466 1105 604 1186 prohibet
625 1124 662 1166 ne
685 1105 779 1185 plagis
802 1108 900 1166 omnia
922 1107 993 1167 liant

228 1202 349 1256 externa
371 1197 456 1274 quasi
478 1197 521 1256 vi:
544 1193 597 1254 sed
619 1213 657 1254 ne
680 1212 764 1255 mens
787 1197 852 1273 ipsa
873 1213 1030 1255 necessum

157 1290 209 1340 222
227 1285 401 1343 intestinum
423 1282 530 1343 habeat
551 1284 666 1342 cunctis
689 1285 721 1343 in
743 1281 833 1343 rebus
856 1282 977 1361 agendis

227 1377 258 1431 et
279 1371 392 1431 devicta
415 1373 500 1450 quasi
523 1378 644 1449 cogatur
666 1371 744 1430 ferre
767 1372 899 1450 patique,

227 1459 257 1519 id
280 1459 351 1519 facit
373 1461 511 1538 exiguum
534 1457 679 1519 clinamen
701 1460 915 1538 principiorum

227 1565 284 1608 nee
305 1549 426 1626 regione
449 1547 507 1608 loci
529 1554 609 1607 certa
632 1565 688 1607 nec
709 1553 842 1626 tempore
865 1553 955 1607 certo.

205 1652 211 1666 ·
272 1634 333 1697 Nec
355 1638 461 1715 stipata
483 1636 576 1714 magis
599 1635 656 1695 fuit
676 1653 816 1714 umquam
838 1637 973 1695 materiai

157 1732 209 1782 222
229 1726 313 1804 copia
335 1741 391 1785 nee
412 1742 502 1803 porro
524 1722 687 1784 maioribus
709 1722 884 1784 intervallis:

227 1831 296 1873 nam
317 1831 414 1891 neque
437 1812 606 1891 adaugescit
628 1813 784 1891 quicquam
807 1829 904 1889 neque
927 1811 1042 1889 deperit
1064 1809 1143 1870 inde.

229 1908 407 1979 quapropter
430 1919 488 1979 quo
510 1901 643 1961 nuncin
665 1908 748 1960 motu
769 1901 984 1979 principiorum

229 2006 352 2067 corpora
375 1995 457 2069 sunt,
479 1990 511 2048 in
534 1988 638 2048 eodem
660 1996 728 2049 ante
751 1994 815 2048 2222
838 1995 932 2048 aetate
956 1987 1038 2047 fuere

229 2084 259 2136 22
280 2082 348 2155 post
369 2073 442 2135 haec
465 2093 582 2155 semper
606 2076 695 2138 simili
717 2078 831 2137 ratione
856 2076 1002 2155 ferentur,

159 2175 210 2224 320
229 2171 259 2224 22
281 2181 356 2243 quae
379 2170 560 2224 consuerunt
582 2166 663 2243 gigni
685 2166 843 2243 gignentur
866 2164 968 2224 eadem

229 2252 401 2313 condicione
424 2257 454 2311 et
477 2259 565 2312 erunt
586 2259 616 2312 et
638 2260 773 2313 crescent
794 2254 881 2330 vique
904 2251 1054 2331 valebunt,

229 2348 369 2420 quantum
393 2341 499 2418 cuique
523 2339 651 2400 datumst
672 2358 727 2419 per
748 2340 867 2400 foedera
890 2341 1013 2401 naturai.

229 2448 284 2490 nec
306 2446 408 2489 rerum
430 2444 574 2487 summam
597 2434 777 2488 commutare
799 2427 858 2488 ulla
880 2434 979 2507 potest
1001 2429 1058 2487 ris:

229 2535 296 2578 nam
319 2534 415 2594 neque
439 2533 497 2594 quo
520 2517 615 2595 possit
637 2534 730 2594 genus
753 2515 845 2576 ullum
868 2517 1003 2576 materiai

159 2614 210 2664 303
228 2603 376 2668 2220222222
393 2605 523 2683 effugere
541 2622 577 2664 ex
596 2606 676 2664 omni
694 2605 889 2685 quicquamst,
911 2621 1008 2682 neque
1025 2604 1057 2663 in
1076 2621 1163 2663 omne

229 2694 307 2756 unde
330 2699 430 2754 coorta
453 2699 541 2772 queat
562 2711 638 2753 nova
659 2695 703 2752 vis
726 2694 897 2771 inrumpere
920 2699 951 2752 et
973 2709 1090 2751 omnem

229 2789 364 2842 naturam
386 2798 488 2842 rerum
511 2788 624 2841 mutare
647 2787 677 2841 et
699 2781 813 2840 vertere
837 2787 943 2840 motus.

273 2869 347 2930 lllud
371 2871 403 2929 iu
424 2868 472 2929 his
495 2869 585 2930 rebus
607 2887 667 2930 non
690 2875 736 2928 est
757 2867 907 2948 mirabile,
930 2886 1034 2948 quare,

230 2960 327 3019 omnia
350 2975 416 3018 cum
439 2975 540 3017 rerum
563 2957 723 3036 primordia
746 2958 806 3016 sint
828 2959 860 3016 in
882 2964 977 3036 motu,

159 3055 211 3104 312
231 3064 344 3107 summa
366 3052 466 3105 tamen
489 3063 603 3104 summa
625 3046 759 3105 rideatur
782 3052 860 3105 stare
883 3046 995 3124 quiete,

229 3141 347 3215 praeter
370 3151 457 3212 quam
481 3133 579 3212 siquid
601 3134 721 3212 proprio
745 3133 795 3192 dat
817 3151 940 3212 corpore
963 3139 1069 3193 motus.

231 3225 326 3283 omnis
350 3223 430 3281 enim
452 3220 537 3299 longe
561 3223 671 3281 nostris
694 3220 730 3280 ab
753 3220 890 3282 sensibus
913 3221 990 3280 infra

229 3313 393 3390 primorum
416 3318 519 3369 natura
542 3311 630 3391 iacet3
654 3317 845 3390 quapropter,
868 3308 921 3369 ubi
942 3311 1006 3386 ipsa

231 3417 353 3460 cernere
380 3399 439 3457 iam
465 3416 608 3480 nequeas,
634 3405 732 3458 motus
755 3416 872 3476 quoque
896 3415 1020 3475 surpere
1043 3395 1165 3477 debent3

159 3496 211 3545 315
230 3488 404 3567 praesertim
427 3503 508 3567 oum,
531 3504 606 3566 quae
628 3488 777 3565 possimus
800 3503 937 3565 cernere,
960 3484 1057 3544 celent

230 3593 317 3655 saepe
339 3581 438 3634 tamen
461 3580 572 3654 motus,
596 3577 690 3652 spatio
714 3574 832 3635 diducta
855 3573 996 3633 locorum.
