2438 3998
554 228 594 283 IV
1018 204 1086 292 103'

145 375 230 455 quale
253 378 293 437 sit
313 383 348 437 ut
368 376 534 458 rideamus,
557 384 668 438 etuna
687 394 779 456 quam
800 375 904 456 procul
927 375 1012 438 absit.
1041 398 1083 440 666

145 463 217 525 illud
240 466 272 524 in
294 464 341 525 his
363 464 455 526 rebus
476 466 598 526 minime
621 463 755 526 mirabile
777 464 986 545 habendumst,

74 570 128 619 246
146 571 212 632 eur,
235 570 270 613 ea
293 571 368 631 quae
391 553 499 614 feriant
523 552 624 614 oeulos
650 553 806 614 simulacra
828 553 923 614 videri

74 656 134 710 266
147 640 262 720 singula
286 658 353 701 cum
375 647 536 723 nequeant,
558 659 609 702 res
630 643 712 720 ipsae
733 643 960 721 perspiciantur.

145 736 250 790 ventus
274 731 354 790 euim
377 746 501 808 quoque
513 729 653 809 paulatim
672 747 740 790 cum
757 730 894 791 verberat
912 736 942 790 et
960 747 1027 790 cum
1042 750 1083 791 asa

147 837 213 879 acre
237 817 303 879 iluit
324 818 430 898 frigus,
453 835 513 878 nen
535 820 650 897 privam
673 835 818 897 quamque
842 817 971 879 solemus
1042 839 1082 880 ru

146 904 320 986 particulam
342 909 423 966 venti
446 909 556 967 sentire
579 913 610 967 et
631 906 751 984 frigoris
774 909 851 987 eius,
1042 927 1083 969 aec

76 1011 129 1060 246
147 995 199 1055 sed
221 996 315 1073 magis
338 1012 494 1077 unmsum,
516 995 640 1073 flerique
662 993 786 1074 perinde
809 995 942 1055 videmus
1042 1017 1083 1058 aee

75 1098 132 1151 261
148 1100 271 1161 corpere
293 1090 357 1143 tum
379 1082 479 1162 plagas
501 1085 534 1142 in
556 1090 658 1143 nostro
680 1089 829 1162 tamquam
852 1083 965 1162 aliquae
989 1101 1037 1144 res

147 1170 283 1231 verberet
304 1178 392 1250 atque
415 1173 463 1231 sui
486 1171 536 1231 det
558 1189 679 1232 sensum
702 1173 835 1251 corporis
858 1168 961 1232 extra(

146 1266 300 1338 praeterea
322 1258 449 1338 lapidem
471 1259 563 1337 digua
586 1277 654 1321 cum
675 1259 841 1342 tundimus,
864 1262 961 1338 ipsum
1042 1279 1084 1322 aas

147 1349 295 1426 tangimus
317 1354 482 1407 extremum
505 1349 569 1408 saxi
591 1365 797 1428 summumque
820 1347 962 1430 celerem,

77 1452 129 1502 266
146 1454 202 1495 nec
225 1436 369 1496 sentimus
391 1453 461 1496 eum
482 1442 576 1516 tactu,
597 1454 700 1497 verum
722 1438 816 1514 magis
837 1439 933 1516 ipsam

76 1539 134 1592 266
147 1523 287 1583 duritiem
308 1525 428 1602 penitus
451 1525 514 1584 saxi
537 1526 680 1585 sentimus
703 1525 735 1584 in
757 1524 824 1584 alto.

191 1610 276 1672 Nunc
300 1629 366 1692 age,
390 1629 445 1672 cur
465 1611 544 1672 ultra
567 1611 719 1691 speculum
734 1611 876 1672 ⁴videatur
897 1614 993 1690 imago

147 1701 280 1779 percipe:
302 1716 371 1759 nam
393 1707 474 1761 certe
496 1702 615 1779 penitus
638 1707 751 1761 semota
772 1700 896 1760 videtur.
1043 1722 1084 1762 aaa

75 1803 134 1854 270
148 1786 227 1867 quod
249 1806 342 1866 genus
365 1787 415 1848 illa
437 1789 510 1849 ioris
533 1807 607 1867 quae
629 1806 699 1850 vere
721 1790 968 1869 transpiciuntur,

77 1892 129 1942 266
147 1878 235 1936 ianua
257 1894 326 1936 cum
347 1893 402 1955 per
425 1894 456 1937 se
479 1883 680 1955 transpectum
702 1875 825 1957 praehet
847 1883 993 1957 apertum,

148 1963 239 2025 multa
261 1964 389 2043 facitque
412 1965 485 2025 foris
508 1983 544 2026 ex
567 1964 689 2026 aedibus
711 1971 745 2025 ut
766 1964 933 2025 videantur:

148 2055 175 2112 is
198 2069 315 2132 quoque
338 2055 417 2113 enim
437 2052 551 2132 duplici
573 2055 748 2133 geminoque
771 2054 805 2113 lit
826 2058 894 2113 6666
917 2054 1007 2113 visus.

147 2143 262 2219 primus
284 2142 364 2201 enim
386 2143 461 2201 eitra
483 2148 583 2220 postes
605 2149 668 2202 tum
691 2144 824 2203 cernitur
846 2145 909 2222 adr,
1042 2161 1083 2204 aas

76 2228 217 2295 27616616
240 2229 320 2289 iores
341 2230 424 2308 ipsae
446 2228 548 2290 dextra
570 2229 709 2309 laevaque
732 2236 886 2310 secuntur,

78 2331 131 2381 260
149 2324 216 2395 pcst
238 2318 367 2377 extraria
388 2316 438 2378 lux
462 2317 563 2378 oculos
585 2325 736 2397 perterget
758 2325 789 2379 et
810 2322 861 2378 air

149 2404 236 2484 alter,
259 2411 290 2465 et
311 2404 360 2465 issa
384 2405 456 2465 ioris
478 2423 553 2485 quae
575 2425 644 2467 vere
666 2408 908 2487 transpiciuntur.

149 2492 266 2553 sicubi
290 2511 322 2553 se
345 2495 475 2572 primum
498 2493 611 2573 speculi
632 2496 759 2574 proiecit
780 2496 889 2574 imago,

149 2579 219 2641 dum
243 2582 323 2641 venit
339 2582 380 2641 ‘ad
402 2589 519 2643 nostras
542 2585 633 2663 acies,
655 2581 804 2661 protrudit
826 2584 944 2660 agitque
1043 2601 1085 2642 ase

77 2681 136 2734 286
150 2673 218 2729 aira
240 2671 292 2748 qui
313 2672 393 2729 inter
415 2687 447 2729 se
470 2676 626 2748 cumquest
648 2669 807 2748 oculosque
830 2669 956 2748 locatus,

77 2772 131 2822 266
149 2764 179 2816 et
201 2757 271 2817 iacit
293 2764 327 2818 ut
347 2759 432 2836 prius
454 2756 534 2818 hunc
556 2774 674 2818 omnem
697 2760 807 2819 sentire
830 2775 971 2836 queamus

149 2863 235 2923 quam
244 2845 689 2925 speculumzseduhispeculum
697 2863 814 2926 queque
822 2848 969 2906 sensimus
977 2847 1085 2926 ipsum,

149 2935 287 2994 continuo
310 2951 328 2994 a
350 2933 436 2994 nobis
458 2937 491 2994 in
512 2934 592 2994 idem
615 2951 689 3014 quae
711 2935 806 2995 iertur
829 2936 924 3012 imago

147 3024 294 3101 pervenit,
317 3029 348 3082 et
369 3029 487 3082 nostros
511 3021 611 3083 oculos
634 3025 744 3084 reiecta
762 3024 881 3101 ‘revisit‚
1046 3043 1087 3084 aas

76 3123 135 3175 265
147 3117 235 3189 atque
258 3109 348 3171 alium
370 3128 441 3190 prae
465 3129 497 3172 se
519 3109 689 3190 propellens
712 3110 903 3191 atra-volvit,

77 3212 130 3262 276
148 3205 178 3258 et
200 3198 270 3260 iacit
292 3206 325 3259 ut
347 3201 431 3278 prius
453 3199 534 3260 hunc
556 3216 645 3278 quam
668 3216 699 3260 se
721 3199 886 3279 rideamus,
905 3215 1005 3278 eoque

148 3285 258 3347 distare
281 3286 316 3346 ab
340 3286 460 3366 speculo
482 3295 598 3348 tantum
622 3294 733 3349 semota
755 3287 880 3349 videtur.

148 3392 239 3452 quare
263 3375 351 3435 etiam
375 3382 462 3454 atque
487 3378 576 3436 etiam
599 3377 721 3437 minime
743 3378 880 3437 mirarier
903 3383 949 3436 est
970 3388 1025 3454 par

575 3483 593 3522 *

76 3564 132 3617 266
146 3550 204 3610 illis
228 3568 303 3630 quae
327 3550 456 3613 reddunt
479 3552 669 3631 speculorum
692 3570 728 3612 ex
752 3570 879 3632 aequore
902 3554 1011 3633 visum,
1048 3573 1090 3615 m
