2438 3998
147 242 210 310 178
627 243 666 298 VI

144 408 197 458 240
216 399 246 454 et
267 399 456 453 monumenta
478 394 574 455 virum
599 391 735 455 demoliri
757 400 844 472 atque
866 388 989 473 †oiere,

215 481 382 541 exanimare
404 479 551 561 homines,
574 482 703 560 pecudes
725 487 915 561 prosternere
937 481 1064 560 passim,

216 576 314 629 cetera
335 566 372 629 de
394 586 503 647 genere
525 569 581 629 boc
605 588 661 649 qua
684 570 713 629 vi
735 570 833 631 facere
856 571 955 629 omnia
976 571 1110 650 possint,

144 655 498 737 245expediam,¹neque
522 658 549 719 te
571 659 602 717 in
624 659 780 737 promissis
802 656 886 736 plura
908 656 1056 718 morabor.
1115 679 1155 721 ns

258 743 393 805 Fulmina
415 747 530 824 gignier
552 763 569 805 e
592 747 701 806 crassis
724 744 840 824 alteque
863 745 1056 824 putandumst

144 848 196 898 245
214 831 344 894 nubibus
366 836 521 894 extructis:
545 850 613 894 nam
635 832 715 894 caelo
739 832 820 894 nulla
844 850 950 894 sereno

214 938 270 981 nec
292 920 396 982 leviter
418 922 518 983 densis
541 923 699 983 mittuntur
720 921 849 982 nubibus
872 938 1020 1001 umquam.

214 1027 283 1069 nam
305 1009 394 1070 dubio
417 1008 521 1088 procul
543 1008 599 1070 hoc
621 1011 687 1070 fieri
709 1010 865 1070 manifesta
887 1008 974 1070 docet
995 996 1058 1090 rel,

144 1103 201 1155 250
214 1097 292 1177 quod
314 1105 377 1158 tum
399 1116 453 1176 per
474 1104 569 1158 totum
592 1105 787 1159 concrescunt
809 1115 876 1158 aera
899 1096 1006 1177 nubes,
1114 1121 1155 1162 eso

214 1186 344 1264 undique
368 1186 412 1246 uti
434 1185 571 1246 tenebras
594 1187 690 1246 omnis
713 1186 881 1248 Acherunta
903 1202 1021 1246 reamur
1113 1209 1153 1250 sor

145 1290 197 1339 250
215 1272 338 1353 liquisse
361 1281 391 1334 et
412 1290 531 1351 magnas
554 1273 628 1333 caeli
650 1272 812 1352 complesse
837 1291 989 1354 cavernas,
1112 1294 1155 1338 ese

145 1367 203 1421 255
215 1379 283 1422 oum
305 1361 470 1421 commoliri
491 1368 651 1441 tempestas
673 1361 795 1422 fulmina
818 1368 942 1440 coeptat.
1113 1385 1153 1426 sss

216 1456 369 1528 praeterea
390 1467 531 1528 persaepe
555 1452 639 1528 niger
662 1468 778 1530 quoque
801 1468 855 1529 per
877 1467 957 1510 mare
980 1447 1116 1531 nimbus,

216 1543 250 1598 ut
271 1538 346 1616 picis
369 1555 385 1597 e
408 1536 489 1597 caelo
512 1538 672 1599 demissum
694 1539 849 1619 flumen,
841 1556 872 1599 m
895 1536 990 1599 undas

217 1627 261 1685 sic
283 1626 361 1686 cadit
383 1602 512 1686 effertus
526 1625 657 1687 tenebris
679 1626 783 1706 procul
806 1633 836 1687 et
856 1626 948 1686 trahit
969 1632 1063 1686 atram

146 1729 199 1779 eoo
217 1713 390 1775 fulminibus
413 1713 561 1792 gravidam
584 1721 789 1818 tempestatem
812 1721 899 1793 atque
921 1713 1074 1795 procellis,

146 1808 205 1861 260
217 1801 336 1880 ignibus
359 1820 392 1863 ao
414 1804 509 1863 ventis
533 1821 600 1863 cum
622 1805 728 1882 primis
750 1805 814 1882 ipse
837 1801 981 1884 repletus,
1112 1827 1153 1868 neo

217 1892 248 1951 in
271 1897 350 1951 terra
373 1908 489 1969 quoque
512 1898 546 1951 ut
566 1890 740 1951 horrescant
762 1909 796 1952 ac
818 1896 896 1951 tecta
917 1893 1080 1969 requirant.

218 1979 374 2057 sicigitur
397 1996 502 2057 supera
524 1986 660 2040 nostrum
682 1986 770 2058 caput
792 1996 857 2039 esse
879 1978 1071 2058 putandumst

218 2072 422 2146 tempestatem
445 2066 540 2127 altam.
577 2086 673 2146 neque
696 2070 775 2129 enim
799 2066 922 2145 caligine
944 2073 1025 2128 tanta

147 2172 200 2222 eso
218 2153 378 2215 obruerent
398 2162 507 2234 terras,
528 2157 587 2216 nisi
609 2155 793 2216 inaedificata
815 2173 943 2234 superne

147 2251 205 2303 265
216 2241 307 2302 multa
329 2242 427 2303 forent
448 2243 549 2304 multis
572 2250 707 2323 exempto
730 2242 830 2305 nubila
852 2242 927 2303 sole:
1112 2265 1152 2308 eas

217 2349 273 2391 nec
294 2337 376 2391 tanto
398 2339 520 2409 possent
542 2334 693 2392 venientes
717 2334 883 2411 opprimere
906 2330 1009 2412 imbri,

217 2418 338 2480 flumina
359 2419 509 2480 abundare
532 2425 564 2479 ut
586 2420 716 2480 facerent
738 2437 915 2499 camposque
937 2426 1052 2500 natare,

219 2509 245 2568 si
268 2525 327 2568 non
350 2514 500 2569 extructus
524 2507 601 2568 foret
622 2507 679 2568 alte
701 2507 830 2568 nubibus
853 2507 962 2568 aether.

147 2613 199 2662 265
217 2595 266 2655 hic
288 2597 379 2674 igitur
401 2596 497 2656 ventis
519 2601 606 2674 atque
629 2595 746 2674 ignibus
770 2597 867 2656 omnia
889 2595 976 2675 plena

145 2690 204 2742 270
216 2690 298 2744 sunt:
321 2683 387 2744 ideo
409 2685 520 2762 passim
542 2683 678 2744 fremitus
701 2690 731 2744 et
753 2683 869 2762 fulgura
891 2684 973 2744 fiunt.
1111 2707 1153 2748 ero

218 2772 326 2851 quippe
349 2773 459 2832 etenim
481 2789 570 2850 supra
594 2772 680 2832 docui
701 2771 847 2851 permulta
869 2773 985 2851 vaporis

219 2862 331 2920 semina
353 2859 462 2920 habere
485 2877 569 2920 cavas
592 2859 699 2939 nubes,
722 2867 751 2920 et
773 2860 865 2921 multa
888 2866 1039 2920 necessest

217 2949 373 3027 concipere
395 2965 432 3007 ex
455 2946 526 3008 solis
547 2948 638 3008 radiis
662 2947 825 3028 ardoreque
848 2966 958 3008 eorum.

147 3053 198 3101 270
217 3036 273 3096 hoc
295 3035 346 3096 ubi
369 3043 473 3096 ventus
496 3053 545 3095 eas
568 3035 647 3096 idem
670 3039 721 3115 qui
744 3038 824 3115 cogit
845 3039 877 3096 in
899 3053 991 3096 unum

145 3125 291 3184 275forte
314 3123 411 3184 locum
434 3124 580 3204 quemviS,
604 3127 750 3204 expressit
771 3124 862 3185 multa
884 3126 1001 3203 vaporis
1113 3146 1153 3188 ars

218 3214 330 3273 semina
353 3229 443 3291 seque
467 3211 555 3272 simul
577 3230 644 3273 cum
667 3231 703 3272 eo
726 3214 912 3274 commiscuit
934 3214 1009 3292 igni,

217 3302 383 3362 insinuatus
406 3298 449 3360 ibi
471 3307 572 3361 vortex
595 3308 729 3362 versatur
751 3303 783 3361 in
805 3307 868 3361 arto

218 3397 248 3451 ct
270 3387 372 3450 calidis
395 3391 474 3449 acuit
495 3388 607 3450 fulmen
628 3388 797 3450 fornacibus
819 3391 913 3449 intus:

145 3495 285 3546 etonem
309 3476 419 3556 duplici
441 3478 554 3548 ratione
578 3477 759 3558 accenditur,
782 3479 845 3556 ipse
869 3496 921 3538 sua
945 3495 1013 3538 cum

332 3597 335 3603 ¹
409 3572 487 3656 [252
507 3575 563 3657 sq]
583 3604 625 3627 =
643 3577 680 3637 lV
701 3574 764 3638 172
783 3596 825 3657 sq.
848 3577 911 3640 Lm.
