2438 3998
155 231 218 303 118
437 318 439 325 Ι
640 227 680 283 IV

153 379 463 456 800000010000010
486 378 650 458 00000101
673 394 748 456 quae
772 376 937 457 contendit,
960 382 1044 436 acute

154 482 205 531 180
224 483 345 526 cernere
364 483 424 525 uon
442 466 520 545 potis
540 471 586 525 est
604 467 732 526 animus:
750 465 875 543 proinde
890 467 988 526 omnia
1002 481 1076 543 quae
1091 470 1162 523 sunt

223 562 376 633 praetereo
398 560 537 633 pereunt,
560 551 670 615 nisisi
693 552 729 613 ad
752 571 827 632 quae
852 572 883 615 se
906 555 970 632 ipse
993 552 1115 631 paravit.

224 644 288 721 ipse
311 648 395 721 parat
417 660 483 702 sese
505 659 596 721 00000
621 649 778 721 speratque
801 642 934 702 futurum
1121 658 1162 701 000

224 737 257 790 00
280 730 377 791 rideat
399 729 477 810 quod
501 732 694 809 consequitur
715 747 779 790 rem
802 747 961 809 quamque:
984 729 1018 789 tit
1040 746 1119 807 crgo.

154 835 210 885 805
224 836 322 880 nonne
344 819 426 879 rides
450 817 551 880 oculos
574 821 676 899 etiam,
699 836 767 879 cum
788 821 886 878 tenvia
909 836 983 897 quae
1007 823 1077 877 sunt
1121 839 1161 878 000

155 922 207 972 100
226 925 348 968 0000000
371 914 546 987 coeperunt,
569 907 746 967 contendere
770 924 802 967 se
825 914 913 986 atque
936 923 1054 986 parare,
1121 927 1161 967 eoo

225 997 367 1056 0000100
391 1012 425 1055 οο
448 996 624 1074 1100100000
647 1002 681 1056 00
703 1012 858 1071 cernamus
881 990 988 1055 acute?
1122 1015 1162 1054 000

225 1091 376 1145 ettamen
398 1085 429 1143 in
452 1083 542 1144 rebus
565 1101 682 1162 quoque
705 1086 816 1162 apertis
838 1101 962 1145 0000000
984 1084 1094 1162 possis,

55 1244 59 1251 ¹
226 1175 334 1233 sinon
357 1172 489 1232 advertas
512 1173 655 1253 animum,
677 1171 802 1251 proinde
825 1190 891 1232 esse
914 1173 999 1250 quasi
1021 1172 1102 1230 omni

155 1275 211 1326 810
226 1267 359 1340 tempore
382 1266 527 1320 semotum
550 1260 640 1321 fuerit
661 1259 807 1339 longeque
830 1267 984 1321 remotum.

157 1363 207 1412 100
227 1367 280 1409 000
302 1350 393 1426 igitur
415 1350 565 1429 mirumst,
588 1351 704 1409 animus
728 1350 754 1408 si
777 1356 875 1409 cetera
897 1348 994 1427 perdit

226 1444 453 1517 praeterquam
477 1435 584 1514 quibus
608 1443 654 1498 est
676 1439 708 1496 in
729 1436 820 1497 rebus
843 1436 960 1497 deditus
983 1433 1068 1515 ipse?
1123 1459 1163 1499 0ιο

227 1524 333 1589 deinde
356 1523 549 1603 adopinamur
571 1525 608 1585 de
632 1527 724 1603 signis
747 1527 873 1586 maxima
896 1527 994 1604 parvis

227 1633 261 1674 00
284 1631 339 1673 000
361 1615 394 1673 10
416 1613 549 1674 fraudem
571 1613 722 1674 induimus
745 1613 944 1675 frustraminis
967 1615 1033 1692 ipsi.

157 1717 212 1770 815
271 1700 319 1762 Fit
342 1719 458 1781 quoque
481 1708 515 1762 ut
536 1702 686 1762 interdum
708 1719 768 1762 000
791 1701 997 1782 suppeditetur
1019 1703 1115 1778 imago

158 1807 209 1856 800
227 1789 361 1850 eiusdem
383 1792 515 1871 generis,
541 1790 593 1850 sed
615 1791 725 1851 semina
748 1809 823 1869 quae
845 1791 1004 1869 scitante,

227 1880 260 1940 in
282 1877 417 1938 manibus
440 1880 486 1939 vir
507 1880 552 1940 uti
574 1879 668 1940 factus
691 1878 825 1939 rideatur
847 1878 962 1959 adesse,
1123 1900 1166 1939 000

228 1974 280 2028 000
301 1966 357 2027 0110
380 1966 608 2027 0001101001οε
631 1975 769 2046 aetasque
792 1975 940 2046 sequatur.

229 2055 307 2135 quod
330 2073 368 2115 ue
390 2057 533 2116 miremur
556 2072 645 2133 sopor
667 2062 755 2134 atque
778 2054 883 2115 oblivia
907 2060 1019 2115 curant.
1124 2079 1165 2118 000

158 2160 216 2212 000
271 2137 368 2227 11111001
390 2145 422 2203 10
443 2143 491 2204 his
514 2141 603 2203 rebus
626 2145 731 2204 vitium
753 2152 904 2204 rementer
927 2145 1037 2203 avessis
1125 2167 1166 2207 sn

159 2248 209 2298 eoa
230 2232 372 2312 effugere,
394 2248 528 2292 errorem
550 2233 701 2311 vitareque
724 2238 975 2312 praemetuenter,

228 2320 340 2381 lumina
362 2338 399 2380 ne
422 2320 512 2380 facias
534 2318 688 2380 oculorum
710 2319 789 2381 clara
811 2327 921 2400 creata,

228 2410 399 2488 prospicere
423 2414 455 2468 ut
478 2425 647 2488 possemus,
670 2415 700 2469 et
721 2415 755 2469 ut
777 2409 910 2488 00010000
934 2427 1075 2486 queamus
1126 2433 1166 2472 000

228 2514 369 2577 00000000
391 2514 510 2576 passus,
532 2494 599 2556 ideo
622 2497 738 2574 fastigia
751 2508 848 2576 'posse
1125 2521 1166 2560 000

159 2601 217 2654 825
229 2602 366 2645 surarum
388 2602 422 2644 00
444 2585 587 2645 feminum
610 2584 735 2664 pedibus
758 2584 877 2645 fundata
900 2584 1016 2665 plicari,

160 2690 211 2739 810
229 2673 350 2734 brachia
371 2679 435 2733 tum
457 2690 547 2752 porro
570 2673 674 2734 validis
697 2691 733 2734 ex
757 2681 823 2752 apta
845 2672 962 2734 lacertis

230 2779 295 2822 esse
318 2779 481 2840 manusque
503 2760 586 2822 datas
609 2768 733 2841 utraque
756 2778 794 2823 000
815 2768 897 2840 perte
920 2763 1084 2843 ministrae,
1126 2785 1168 2826 000

230 2850 382 2911 00100000
405 2850 441 2910 ad
464 2852 553 2910 vitam
576 2868 732 2930 possemus
755 2867 829 2928 quae
852 2850 1031 2911 100000000.

231 2945 328 2998 cetera
351 2937 387 2998 de
411 2956 519 3016 genere
541 2939 598 2999 hoc
620 2941 700 3000 inter
722 2956 924 3017 quaecumque
947 2946 1114 3019 pretantur,

159 3041 215 3094 030
231 3027 328 3086 omnia
351 3044 490 3105 perversa
511 3035 701 3106 praepostera
724 3034 794 3087 sunt
816 3029 942 3107 ratione,

160 3131 211 3180 818
230 3115 273 3175 011
295 3114 362 3174 ideo
386 3117 523 3194 quoniam
548 3122 678 3177 natumst
699 3117 731 3175 10
754 3131 877 3193 0000000
901 3122 934 3174 00
956 3117 1001 3174 uti

229 3221 398 3284 possemus,
421 3203 473 3264 sed
497 3202 574 3282 quod
597 3210 727 3264 natumst
749 3203 779 3263 id
801 3209 937 3282 procreat
960 3222 1055 3264 usum.
1127 3226 1168 3266 sss

230 3287 286 3351 000
308 3293 364 3352 fuit
386 3300 453 3352 ante
476 3292 576 3352 videre
600 3291 753 3352 oculomm
775 3289 887 3351 lumina
909 3299 989 3372 nata,

19 3412 22 3417 ·
229 3397 285 3440 nec
309 3379 396 3440 dictis
419 3380 611 3457 orareprius
635 3397 724 3458 quam
746 3377 845 3457 lingua
869 3388 1008 3462 creatast,

75 3294 283 3603 Cnseo}
307 3469 405 3547 potius
428 3466 515 3546 longe
537 3465 654 3544 linguae
676 3470 839 3547 praecessit
862 3471 943 3548 origo

544 3551 636 3634 [sos]
654 3583 695 3605 =
710 3551 783 3619 804.
