2438 3998
584 225 623 280 ΠΙ
1066 226 1109 290 87

170 370 407 449 dispositumque
430 370 548 431 videtur
569 370 622 431 uhi
644 389 711 431 esse
735 377 765 431 et
788 389 924 433 crescere
946 373 1042 451 possit
1073 395 1112 435 cea

171 475 288 518 sorsum
317 459 413 518 anima
436 466 524 536 atque
548 460 677 539 animus,
704 465 786 520 tanto
809 462 903 537 magis
926 460 1113 521 infitiandum

100 559 155 612 795
170 553 266 606 totum
289 563 377 625 posse
401 552 483 606 entra
506 563 615 625 eorpus
639 546 757 607 durare*
770 550 905 626 genique.

101 649 152 700 rso
172 651 277 714 quare,
300 651 408 712 corpus
431 633 484 694 ubi
507 636 634 714 interiit,
657 636 783 713 periisse
806 642 959 696 necessest

172 723 330 782 confiteare
354 723 482 781 animam
505 721 676 782 distractam
699 724 731 782 in
754 740 877 801 corpore
900 729 971 784 toto.

173 812 282 889 quippe
306 812 417 870 etenim
439 809 563 870 mortale
586 817 707 870 aeterno
730 811 853 888 iungere
877 817 907 870 ct
928 827 987 871 una
1072 834 1114 875 eoo

173 899 341 958 consentire
363 904 467 977 putare
492 905 523 958 et
544 898 628 976 fungi
650 904 752 958 mutua
774 915 862 977 posse

101 1002 158 1053 800
173 985 350 1064 desiperest:
374 985 445 1064 quid
468 988 548 1046 enim
570 986 717 1046 diversius
741 1003 806 1046 esse
829 986 1021 1065 putandumst

101 1089 154 1139 800
174 1079 224 1133 aut
246 1074 340 1150 magis
363 1075 442 1133 inter
466 1091 497 1133 se
521 1073 703 1134 disiunctum
725 1073 995 1154 discrepitansque,

174 1179 261 1240 quam
285 1160 408 1220 mortale
432 1160 510 1239 quod
533 1168 579 1222 est
601 1161 750 1222 inmortali
773 1169 860 1241 atque
883 1163 1009 1241 perenni

597 1266 616 1308 ια

173 1339 307 1396 iunctum
329 1338 361 1396 in
384 1335 509 1397 concilio
533 1354 634 1397 saevas
656 1337 783 1397 tolerare
806 1333 973 1417 procellas?
1072 1358 1114 1399 eoa

173 1432 326 1503 praetcrea
350 1442 552 1503 quaecumque
576 1432 697 1485 manent
718 1433 838 1486 aeterna
860 1432 1013 1485 necessest

102 1529 159 1580 605
173 1519 224 1573 aut
247 1513 315 1591 quia
339 1519 408 1572 sunt
431 1511 525 1572 solido
549 1531 616 1573 cum
639 1530 762 1592 corpore
785 1530 928 1592 respuere
951 1515 1028 1573 ictus

103 1618 155 1667 sos
175 1619 231 1661 nec
253 1608 409 1679 penetrare
432 1602 495 1679 pati
517 1599 576 1660 sihi
599 1602 757 1679 quicquam
779 1600 858 1678 quod
881 1606 970 1678 queat
992 1607 1070 1660 artas

175 1689 336 1748 dissociare
360 1690 441 1748 intus
463 1690 570 1768 partis,
592 1695 626 1749 ut
647 1689 781 1748 materiai

175 1794 298 1855 corpora
322 1783 392 1836 sunt
414 1793 540 1854 quorum
562 1783 698 1837 naturam
721 1775 903 1836 ostendimus
927 1781 1008 1855 ante,
1074 1798 1116 1837 aro

176 1871 226 1924 aut
248 1864 316 1924 ideo
340 1863 446 1924 durare
469 1870 594 1924 aetatem
618 1881 705 1942 posse
728 1882 783 1942 per
805 1880 937 1942 omnem,

104 1968 161 2020 810
174 1951 325 2031 plagarum
349 1953 418 2030 quia
441 1958 511 2012 sunt
533 1953 666 2030 expertia
689 1953 767 2011 sicut
790 1953 919 2031 inanest,

105 2056 158 2106 810
177 2040 255 2118 quod
277 2047 378 2100 manet
400 2042 541 2100 intactum
565 2057 662 2118 neque
685 2038 721 2099 ab
744 2041 806 2099 ictu
828 2039 961 2116 iungitur
982 2036 1091 2120 hilum,

177 2129 338 2188 autetiam
361 2129 429 2206 quia
452 2126 532 2188 nulla
555 2127 613 2188 loci
643 2127 676 2187 lit
698 2129 782 2207 copia
805 2129 931 2207 circum,

178 2234 235 2295 quo
259 2217 344 2294 quasi
365 2233 415 2276 res
438 2217 553 2294 possint
576 2215 729 2276 discedere
752 2214 948 2294 dissoluiquc,
1075 2236 1116 2278 e1a

178 2306 254 2364 sicut
280 2322 462 2365 summarum
493 2310 636 2364 summast
659 2309 791 2383 aeterna,
813 2319 910 2381 neque
934 2309 1017 2362 extra

105 2408 161 2459 815
176 2394 243 2470 quis
264 2390 346 2452 locus
365 2402 411 2451 est
429 2409 487 2469 quo
507 2391 670 2471 diffugiant,
693 2409 789 2469 neque
809 2408 932 2468 corpora
952 2395 1022 2450 sunt
1040 2407 1116 2467 quae

105 2497 157 2545 815
176 2481 293 2559 possint
315 2479 446 2539 incidere
469 2484 500 2539 et
520 2478 616 2539 valida
639 2478 800 2539 dissolvere
823 2477 916 2556 plaga.

602 2587 619 2624 ¹l¹

178 2656 255 2733 quod
279 2657 306 2716 si
327 2655 402 2715 lortc
426 2655 493 2716 idco
516 2657 609 2732 magis
632 2653 807 2715 immortalis
829 2651 1005 2732 habendast,

177 2743 256 2821 quod
279 2743 415 2803 letalibus
439 2742 475 2803 ab
497 2742 588 2803 rebus
610 2744 724 2803 munita
746 2749 878 2820 tenetur,
1076 2763 1118 2803 aro

177 2838 228 2891 aut
250 2833 318 2909 quia
341 2849 401 2891 non
423 2833 545 2891 veniunt
568 2833 687 2890 omnino
711 2829 805 2890 aliena
828 2827 945 2909 salutis,

106 2927 228 2986 820aut
250 2921 318 2998 quia
342 2937 416 2998 quae
438 2921 561 2979 veniunt
583 2918 680 2996 aliqua
703 2920 816 2978 ratione
840 2916 984 2977 recedunt

105 3024 159 3073 820
177 3006 262 3087 pulsa
283 3009 367 3087 prius
390 3025 478 3086 quam
501 3006 573 3086 quid
596 3013 722 3067 noceant
745 3007 856 3066 sentire
880 3021 1036 3084 queamus,

176 3189 295 3262 praeter
317 3185 397 3243 enim
420 3200 506 3261 quam
530 3182 609 3262 quod
632 3181 745 3242 morbis
768 3200 836 3243 cum
855 3181 988 3259 corporis
1008 3187 1119 3262 aegret,

177 3271 295 3331 advenit
316 3270 347 3330 id
371 3271 449 3349 quod
472 3288 537 3331 eam
561 3270 597 3331 de
621 3269 711 3330 rebus
735 3287 822 3349 saepe
847 3269 955 3329 futuris
1077 3290 1119 3330 aas

176 3365 305 3419 macerat
327 3360 417 3436 inque
440 3366 522 3419 metu
544 3358 620 3419 male
642 3357 731 3418 hahet
754 3359 894 3434 curisque
918 3357 1033 3436 fatigat,

105 3461 164 3514 825
175 3448 404 3526 praeteritisque
426 3445 502 3507 male
526 3447 663 3507 admissis
686 3454 807 3524 peccata
828 3444 1008 3505 remordent.

106 3550 157 3600 825
177 3534 251 3595 adde
274 3535 406 3595 furorem
429 3537 522 3594 animi
543 3536 698 3614 proprium
720 3540 809 3612 atque
833 3531 938 3592 oblivia
962 3548 1079 3612 rerum,
