2438 3998
151 179 172 242 2
643 179 656 232 Ι

150 332 184 381 ao
203 341 277 404 quos
301 342 354 403 ego
378 325 414 384 de
437 343 538 386 rerum
559 332 664 386 natura
685 343 814 404 pangere
837 342 927 386 conor

201 412 392 473 Memmiadae
414 419 529 494 nostro,
553 430 641 491 quem
663 419 709 494 tu,
732 412 799 494 dea,
822 419 954 492 tempore
977 415 1113 474 inomni

204 500 340 561 omnibus
363 507 498 561 ornatum
520 500 639 561 voluisti
661 500 806 562 excellere
829 500 926 562 rebus.

203 607 261 667 quo
284 591 376 668 magis
399 596 551 650 aeternum
573 588 609 648 da
632 588 732 670 dictis,
756 589 833 670 diva,
856 589 995 668 leporem.

203 677 287 737 effice
309 683 343 737 ut
364 679 476 738 interea
499 677 561 738 iera
578 695 717 738 moenera
738 677 855 738 militiai
900 688 902 690 ’

150 770 184 819 30
202 783 257 844 per
278 767 369 825 maria
393 783 426 826 ac
449 772 543 833 terras
566 767 661 825 omnis
684 767 779 844 sopita
802 767 966 845 quiescant:

203 871 271 913 nam
292 860 325 915 tu
348 853 410 914 sola
431 860 516 932 potes
538 851 695 932 tranquilla
716 871 788 932 pace
811 856 911 915 iuvare

203 942 348 1023 mortalis,
371 945 508 1021 quoniam
530 940 600 1002 belli
623 941 685 1002 iera
707 959 846 1002 moenera
868 941 983 1003 Mavors

205 1032 384 1110 armipotens
407 1032 495 1111 regit,
518 1032 549 1090 in
572 1031 716 1108 gremium
739 1032 790 1109 qui
814 1048 900 1108 saepe
923 1037 1007 1091 tuum
1031 1048 1062 1090 se

203 1121 290 1179 reicit
311 1125 430 1179 aeterno
453 1117 585 1178 devictus
607 1117 728 1179 vulnere
751 1119 872 1198 amoris,

151 1212 292 1286 edatque
313 1208 354 1266 ita
376 1207 555 1287 suspiciens,
578 1208 666 1267 tereti
689 1208 802 1267 cervice
825 1213 957 1286 reposta,

203 1295 297 1373 pascit
319 1311 417 1354 amore
440 1292 552 1374 aridos,
574 1293 691 1354 inhians
713 1296 745 1354 in
767 1300 810 1375 te,
833 1294 899 1375 dea,
921 1296 1016 1375 visus,

203 1400 279 1461 eque
301 1389 352 1442 tuo
374 1381 484 1460 pendet
505 1383 638 1460 resupini
661 1384 784 1460 spiritus
807 1400 867 1443 ore.
1085 1449 1087 1453 ,

202 1469 349 1551 huncio,
372 1470 450 1551 diva,
472 1476 523 1530 tuo
546 1469 736 1530 recubantem
759 1488 881 1549 corpore
905 1477 1005 1531 sancto

204 1560 315 1619 circum
338 1558 402 1618 fusa
425 1576 527 1638 super,
550 1559 647 1619 suavis
671 1576 707 1618 ex
730 1577 780 1619 ore
803 1557 945 1638 loquellas

152 1655 186 1703 4ο
205 1646 294 1708 iunde
317 1653 422 1726 petens
443 1645 587 1726 placidam
609 1645 761 1728 Romanis,
784 1645 908 1728 incluta,
930 1664 1046 1726 pacem:

203 1753 271 1797 nam
293 1753 390 1815 neque
413 1753 466 1796 nos
489 1752 575 1814 agere
597 1735 654 1795 boc
675 1737 781 1814 patriai
803 1742 935 1813 tempore
959 1736 1061 1813 iniquo
1127 1806 1128 1810 Ἰ

202 1842 360 1902 possumus
384 1841 475 1902 aequo
499 1824 595 1883 animo
618 1841 673 1884 nec
695 1823 813 1884 Memmi
836 1821 913 1884 clara
935 1840 1064 1902 propago

202 1910 311 1972 talibus
334 1915 365 1971 in
387 1910 476 1972 rebus
499 1914 648 1972 communi
670 1910 756 1971 desse
779 1909 874 1971 saluti.

640 2052 658 2092 ss

151 2180 187 2232 50
203 2167 301 2256 liqnod
325 2191 414 2252 super
437 2180 495 2254 est,
516 2192 622 2235 vacuas
646 2177 725 2235 auris
747 2175 936 2253 animumque
960 2193 1094 2255 sagacem
1122 2191 1148 2231 so

150 2269 185 2318 45
204 2268 348 2323 semotum
370 2280 387 2322 a
410 2264 489 2322 curis
508 2263 612 2323 adhibe
634 2281 733 2324 veram
755 2262 791 2323 ad
813 2265 971 2345 rationem,

202 2368 328 2415 nemea
351 2350 426 2410 dona
449 2349 504 2410 tibi
527 2351 623 2411 studio
647 2350 778 2430 disposta
800 2349 893 2432 fideli,

203 2438 351 2499 intellecta
372 2440 456 2517 prius
479 2456 566 2517 quam
589 2441 660 2519 sint,
683 2445 849 2518 contempta
871 2437 1029 2518 relinquas.

203 2544 271 2587 nam
292 2526 348 2587 tibi
370 2527 406 2586 de
430 2545 542 2587 summa
565 2527 638 2588 caeli
660 2529 774 2588 ratione
796 2527 942 2606 deumque

151 2619 187 2671 55
202 2615 349 2676 disserere
372 2616 523 2696 incipiam,
546 2621 577 2675 et
597 2634 698 2676 rerum
719 2615 880 2694 primordia
902 2615 1040 2697 pandam,
1120 2630 1148 2670 aa

150 2709 184 2758 50
202 2702 280 2764 unde
304 2705 399 2763 omnis
421 2709 525 2763 natura
548 2709 628 2764 creet
650 2721 712 2784 res,
736 2710 846 2784 auctet,
869 2703 996 2785 alatque,

173 2790 176 2796 '
203 2808 296 2870 quove
320 2791 421 2851 eadem
443 2809 563 2853 rursum
585 2798 689 2852 natura
711 2798 863 2874 perempta
884 2790 1023 2852 resolvat:

203 2897 276 2958 quae
299 2897 354 2940 uos
376 2882 530 2940 materiem
553 2887 584 2940 et
605 2879 742 2959 genitalia
764 2898 887 2959 corpora
909 2879 998 2941 rebus

203 2967 354 3028 reddunda
376 2969 407 3028 in
429 2970 543 3029 ratione
566 2986 669 3029 vocare
693 2976 723 3028 et
746 2970 857 3029 semina
879 2986 979 3030 rerum

150 3062 187 3112 60
204 3055 349 3135 appellare
374 3061 492 3118 suemus
515 3064 545 3116 et
567 3056 640 3116 haec
662 3056 764 3117 eadem
786 3074 930 3136 usurpare
1122 3070 1149 3110 6⁰

149 3150 183 3200 65
203 3162 325 3223 corpora
348 3147 455 3225 prima,
479 3145 556 3223 qnod
579 3162 615 3204 ex
638 3143 697 3205 illis
721 3151 791 3205 sunt
813 3147 909 3205 omnia
932 3141 1073 3224 primisll

247 3231 379 3293 Humana
402 3239 469 3293 ante
492 3232 592 3293 oculos
615 3232 700 3293 foede
723 3222 1002 3294 cumffiaceret

203 3323 233 3380 in
256 3322 345 3382 terris
369 3338 508 3400 oppressa
531 3322 612 3400 gravi
635 3321 689 3382 sub
712 3319 867 3401 religione,

203 3427 276 3488 quae
300 3416 388 3488 caput
409 3427 425 3469 a
448 3409 521 3470 caeli
543 3409 714 3488 regionibus
738 3409 911 3480 ostendebat

422 3493 578 3575 [ro-49]
595 3493 872 3561 =11645-aso.
