<?xml version="1.0" encoding="UTF-8"?>
<!DOCTYPE html PUBLIC "-//W3C//DTD XHTML 1.0 Transitional//EN"
    "http://www.w3.org/TR/xhtml1/DTD/xhtml1-transitional.dtd">
<html xmlns="http://www.w3.org/1999/xhtml" xml:lang="en" lang="en">
 <head>
  <title>
</title>
<meta http-equiv="Content-Type" content="text/html;charset=utf-8" />
  <meta name='ocr-system' content='tesseract 3.04.00' />
  <meta name='ocr-capabilities' content='ocr_page ocr_carea ocr_par ocr_line ocrx_word'/>
</head>
<body>
  <div class='ocr_page' id='page_1' title='image "./tlucreticarider02carugoog_0080.png"; bbox 0 0 2438 3998; ppageno 0'>
   <div class='ocr_carea' id='block_1_1' title="bbox 481 236 1129 300">
    <p class='ocr_par' dir='ltr' id='par_1_1' title="bbox 481 236 1129 300">
     <span class='ocr_line' id='line_1_1' title="bbox 481 236 1129 300; baseline 0.003 -3"><span class='ocrx_word' id='word_1_1' title='bbox 481 241 763 300; x_wconf 76' lang='lat' dir='ltr'><strong>Pnonnnonnnn.</strong></span> <span class='ocrx_word' id='word_1_2' title='bbox 1029 236 1129 299; x_wconf 79' lang='lat' dir='ltr'>LXXV</span> 
     </span>
    </p>
   </div>
   <div class='ocr_carea' id='block_1_2' title="bbox 114 383 1162 3647">
    <p class='ocr_par' dir='ltr' id='par_1_2' title="bbox 114 383 1162 3647">
     <span class='ocr_line' id='line_1_2' title="bbox 118 383 1128 472; baseline 0.005 -24"><span class='ocrx_word' id='word_1_3' title='bbox 118 383 241 449; x_wconf 67' lang='lat' dir='ltr'><strong>institui</strong></span> <span class='ocrx_word' id='word_1_4' title='bbox 259 433 266 448; x_wconf 93' lang='lat'><strong>.</strong></span> <span class='ocrx_word' id='word_1_5' title='bbox 281 434 310 449; x_wconf 93' lang='lat'><strong>..</strong></span> <span class='ocrx_word' id='word_1_6' title='bbox 333 405 460 451; x_wconf 71' lang='lat' dir='ltr'><strong>uorum</strong></span> <span class='ocrx_word' id='word_1_7' title='bbox 480 391 649 472; x_wconf 67' lang='lat' dir='ltr'><strong>ventosum</strong></span> <span class='ocrx_word' id='word_1_8' title='bbox 672 408 775 452; x_wconf 84' lang='lat' dir='ltr'><strong>navem</strong></span> <span class='ocrx_word' id='word_1_9' title='bbox 796 392 957 471; x_wconf 79' lang='lat' dir='ltr'><strong>significari</strong></span> <span class='ocrx_word' id='word_1_10' title='bbox 979 392 1042 454; x_wconf 84' lang='lat' dir='ltr'><strong>ruit</strong></span> <span class='ocrx_word' id='word_1_11' title='bbox 1059 410 1128 453; x_wconf 89' lang='lat' dir='ltr'><strong>ven·</strong></span> 
     </span>
     <span class='ocr_line' id='line_1_3' title="bbox 118 477 1128 561; baseline 0.005 -25"><span class='ocrx_word' id='word_1_12' title='bbox 118 477 159 536; x_wconf 85' lang='lat' dir='ltr'><strong>tis</strong></span> <span class='ocrx_word' id='word_1_13' title='bbox 186 477 337 558; x_wconf 81' lang='lat' dir='ltr'><strong>agitatam,</strong></span> <span class='ocrx_word' id='word_1_14' title='bbox 367 477 445 556; x_wconf 90' lang='lat' dir='ltr'><strong>quod</strong></span> <span class='ocrx_word' id='word_1_15' title='bbox 470 484 503 539; x_wconf 90' lang='lat' dir='ltr'><strong>ut</strong></span> <span class='ocrx_word' id='word_1_16' title='bbox 530 478 740 540; x_wconf 82' lang='lat' dir='ltr'><strong>aLnoretioni</strong></span> <span class='ocrx_word' id='word_1_17' title='bbox 766 482 914 541; x_wconf 86' lang='lat' dir='ltr'><strong>sermonis</strong></span> <span class='ocrx_word' id='word_1_18' title='bbox 941 479 1128 561; x_wconf 74' lang='lat' dir='ltr'><strong>simplicitate</strong></span> 
     </span>
     <span class='ocr_line' id='line_1_4' title="bbox 118 563 1126 648; baseline 0.007 -25"><span class='ocrx_word' id='word_1_19' title='bbox 118 563 292 644; x_wconf 79' lang='lat' dir='ltr'><strong>longissime</strong></span> <span class='ocrx_word' id='word_1_20' title='bbox 316 567 463 627; x_wconf 84' lang='lat' dir='ltr'><strong>remotum</strong></span> <span class='ocrx_word' id='word_1_21' title='bbox 485 569 527 626; x_wconf 82' lang='lat' dir='ltr'><strong>itu</strong></span> <span class='ocrx_word' id='word_1_22' title='bbox 550 568 640 627; x_wconf 83' lang='lat' dir='ltr'><strong>etiem</strong></span> <span class='ocrx_word' id='word_1_23' title='bbox 657 585 712 647; x_wconf 86' lang='lat' dir='ltr'><strong>per</strong></span> <span class='ocrx_word' id='word_1_24' title='bbox 729 585 762 629; x_wconf 87' lang='lat' dir='ltr'><strong>se</strong></span> <span class='ocrx_word' id='word_1_25' title='bbox 780 576 874 648; x_wconf 79' lang='lat' dir='ltr'><strong>poene</strong></span> <span class='ocrx_word' id='word_1_26' title='bbox 892 567 1054 630; x_wconf 77' lang='lat' dir='ltr'><strong>absurdum</strong></span> <span class='ocrx_word' id='word_1_27' title='bbox 1073 572 1126 630; x_wconf 87' lang='lat' dir='ltr'><strong>est.</strong></span> 
     </span>
     <span class='ocr_line' id='line_1_5' title="bbox 119 653 1127 736; baseline 0.003 -22"><span class='ocrx_word' id='word_1_28' title='bbox 119 656 219 714; x_wconf 83' lang='lat' dir='ltr'><strong>cetera</strong></span> <span class='ocrx_word' id='word_1_29' title='bbox 242 655 420 716; x_wconf 82' lang='lat' dir='ltr'><strong>existimarit</strong></span> <span class='ocrx_word' id='word_1_30' title='bbox 441 656 482 715; x_wconf 84' lang='lat' dir='ltr'><strong>ita</strong></span> <span class='ocrx_word' id='word_1_31' title='bbox 506 657 617 734; x_wconf 82' lang='lat' dir='ltr'><strong>scripta</strong></span> <span class='ocrx_word' id='word_1_32' title='bbox 640 662 720 716; x_wconf 84' lang='lat' dir='ltr'><strong>uerte</strong></span> <span class='ocrx_word' id='word_1_33' title='bbox 743 653 882 718; x_wconf 77' lang='lat' dir='ltr'><strong>Lucretio</strong></span> <span class='ocrx_word' id='word_1_34' title='bbox 905 657 993 736; x_wconf 76' lang='lat' dir='ltr'><strong>digna</strong></span> <span class='ocrx_word' id='word_1_35' title='bbox 1015 664 1127 733; x_wconf 76' lang='lat' dir='ltr'><strong>esso..</strong></span> 
     </span>
     <span class='ocr_line' id='line_1_6' title="bbox 116 738 1128 825; baseline 0.004 -22"><span class='ocrx_word' id='word_1_36' title='bbox 116 742 149 803; x_wconf 81' lang='lat' dir='ltr'><strong>et</strong></span> <span class='ocrx_word' id='word_1_37' title='bbox 166 741 284 804; x_wconf 71' lang='lat' dir='ltr'><strong>eoum</strong></span> <span class='ocrx_word' id='word_1_38' title='bbox 297 738 483 822; x_wconf 76' lang='lat' dir='ltr'><strong>ploopentio</strong></span> <span class='ocrx_word' id='word_1_39' title='bbox 498 739 634 822; x_wconf 72' lang='lat' dir='ltr'><strong>flumine</strong></span> <span class='ocrx_word' id='word_1_40' title='bbox 650 747 793 805; x_wconf 68' lang='lat' dir='ltr'><strong>retusum:</strong></span> <span class='ocrx_word' id='word_1_41' title='bbox 815 761 894 824; x_wconf 75' lang='lat' dir='ltr'><strong>queo</strong></span> <span class='ocrx_word' id='word_1_42' title='bbox 908 742 1036 825; x_wconf 63' lang='lat' dir='ltr'><strong>femini,</strong></span> <span class='ocrx_word' id='word_1_43' title='bbox 1053 742 1128 821; x_wconf 70' lang='lat' dir='ltr'><strong>nire,</strong></span> 
     </span>
     <span class='ocr_line' id='line_1_7' title="bbox 114 825 1129 912; baseline 0.002 -20"><span class='ocrx_word' id='word_1_44' title='bbox 114 825 238 910; x_wconf 73' lang='lat' dir='ltr'><strong>planato</strong></span> <span class='ocrx_word' id='word_1_45' title='bbox 260 846 404 894; x_wconf 70' lang='lat' dir='ltr'><strong>moverta</strong></span> <span class='ocrx_word' id='word_1_46' title='bbox 423 829 537 911; x_wconf 69' lang='lat' dir='ltr'><strong>furore.</strong></span> <span class='ocrx_word' id='word_1_47' title='bbox 577 838 607 892; x_wconf 85' lang='lat' dir='ltr'><strong>et</strong></span> <span class='ocrx_word' id='word_1_48' title='bbox 628 831 686 892; x_wconf 88' lang='lat' dir='ltr'><strong>hoo</strong></span> <span class='ocrx_word' id='word_1_49' title='bbox 705 829 813 912; x_wconf 73' lang='lat' dir='ltr'><strong>future</strong></span> <span class='ocrx_word' id='word_1_50' title='bbox 838 832 957 912; x_wconf 83' lang='lat' dir='ltr'><strong>quidem</strong></span> <span class='ocrx_word' id='word_1_51' title='bbox 979 841 1074 895; x_wconf 81' lang='lat' dir='ltr'><strong>reete:</strong></span> <span class='ocrx_word' id='word_1_52' title='bbox 1097 835 1129 894; x_wconf 92' lang='lat' dir='ltr'><strong>in</strong></span> 
     </span>
     <span class='ocr_line' id='line_1_8' title="bbox 120 911 1129 1000; baseline 0.004 -21"><span class='ocrx_word' id='word_1_53' title='bbox 120 920 227 980; x_wconf 74' lang='lat' dir='ltr'><strong>ceteris</strong></span> <span class='ocrx_word' id='word_1_54' title='bbox 251 919 325 979; x_wconf 89' lang='lat' dir='ltr'><strong>nihil</strong></span> <span class='ocrx_word' id='word_1_55' title='bbox 343 921 408 980; x_wconf 79' lang='lat' dir='ltr'><strong>sani</strong></span> <span class='ocrx_word' id='word_1_56' title='bbox 427 926 480 980; x_wconf 86' lang='lat' dir='ltr'><strong>est.</strong></span> <span class='ocrx_word' id='word_1_57' title='bbox 509 919 596 980; x_wconf 86' lang='lat' dir='ltr'><strong>Bern.</strong></span> <span class='ocrx_word' id='word_1_58' title='bbox 615 919 724 997; x_wconf 24' lang='lat' dir='ltr'><strong>afliusu</strong></span> <span class='ocrx_word' id='word_1_59' title='bbox 746 921 859 1000; x_wconf 81' lang='lat' dir='ltr'><strong>ingenii</strong></span> <span class='ocrx_word' id='word_1_60' title='bbox 881 920 1033 982; x_wconf 72' lang='lat' dir='ltr'><strong>abstinens</strong></span> <span class='ocrx_word' id='word_1_61' title='bbox 1056 911 1129 983; x_wconf 78' lang='lat' dir='ltr'><strong>duas</strong></span> 
     </span>
     <span class='ocr_line' id='line_1_9' title="bbox 117 1006 1129 1088; baseline 0.002 -20"><span class='ocrx_word' id='word_1_62' title='bbox 117 1008 256 1086; x_wconf 74' lang='lat' dir='ltr'><strong>cognorit</strong></span> <span class='ocrx_word' id='word_1_63' title='bbox 282 1006 415 1088; x_wconf 80' lang='lat' dir='ltr'><strong>lucunas,</strong></span> <span class='ocrx_word' id='word_1_64' title='bbox 442 1014 508 1087; x_wconf 94' lang='lat' dir='ltr'><strong>posi</strong></span> <span class='ocrx_word' id='word_1_65' title='bbox 537 1013 664 1070; x_wconf 75' lang='lat' dir='ltr'><strong>eurtum</strong></span> <span class='ocrx_word' id='word_1_66' title='bbox 689 1015 721 1069; x_wconf 70' lang='lat' dir='ltr'><strong>¹et</strong></span> <span class='ocrx_word' id='word_1_67' title='bbox 741 1015 810 1088; x_wconf 87' lang='lat' dir='ltr'><strong>post</strong></span> <span class='ocrx_word' id='word_1_68' title='bbox 830 1018 958 1070; x_wconf 69' lang='lat' dir='ltr'><strong>morsum</strong></span> <span class='ocrx_word' id='word_1_69' title='bbox 980 1011 1061 1071; x_wconf 83' lang='lat' dir='ltr'><strong>sitas.</strong></span> <span class='ocrx_word' id='word_1_70' title='bbox 1097 1011 1129 1070; x_wconf 92' lang='lat' dir='ltr'><strong>in</strong></span> 
     </span>
     <span class='ocr_line' id='line_1_10' title="bbox 119 1091 1129 1178; baseline 0.004 -24"><span class='ocrx_word' id='word_1_71' title='bbox 119 1114 145 1156; x_wconf 77' lang='lat' dir='ltr'><strong>r.</strong></span> <span class='ocrx_word' id='word_1_72' title='bbox 159 1091 202 1158; x_wconf 89' lang='lat'><strong>48</strong></span> <span class='ocrx_word' id='word_1_73' title='bbox 226 1101 277 1157; x_wconf 82' lang='lat' dir='ltr'><strong>aut</strong></span> <span class='ocrx_word' id='word_1_74' title='bbox 298 1096 335 1157; x_wconf 76' lang='lat' dir='ltr'><strong>ut</strong></span> <span class='ocrx_word' id='word_1_75' title='bbox 356 1103 407 1157; x_wconf 82' lang='lat' dir='ltr'><strong>eut</strong></span> <span class='ocrx_word' id='word_1_76' title='bbox 423 1091 446 1178; x_wconf 88' lang='lat'><strong><em>†</em></strong></span> <span class='ocrx_word' id='word_1_77' title='bbox 463 1102 574 1176; x_wconf 89' lang='lat' dir='ltr'><strong>ponere</strong></span> <span class='ocrx_word' id='word_1_78' title='bbox 593 1096 727 1158; x_wconf 82' lang='lat' dir='ltr'><strong>debebat.</strong></span> <span class='ocrx_word' id='word_1_79' title='bbox 764 1095 868 1158; x_wconf 85' lang='lat' dir='ltr'><strong>iiunro</strong></span> <span class='ocrx_word' id='word_1_80' title='bbox 887 1097 1016 1176; x_wconf 85' lang='lat' dir='ltr'><strong>denique</strong></span> <span class='ocrx_word' id='word_1_81' title='bbox 1033 1115 1129 1177; x_wconf 85' lang='lat' dir='ltr'><strong>usque</strong></span> 
     </span>
     <span class='ocr_line' id='line_1_11' title="bbox 120 1181 1130 1265; baseline 0.003 -21"><span class='ocrx_word' id='word_1_82' title='bbox 120 1182 156 1244; x_wconf 86' lang='lat' dir='ltr'><strong>ad</strong></span> <span class='ocrx_word' id='word_1_83' title='bbox 183 1184 341 1246; x_wconf 68' lang='lat' dir='ltr'><strong>vettonum</strong></span> <span class='ocrx_word' id='word_1_84' title='bbox 368 1191 462 1265; x_wconf 83' lang='lat' dir='ltr'><strong>reete,</strong></span> <span class='ocrx_word' id='word_1_85' title='bbox 494 1190 592 1246; x_wconf 81' lang='lat' dir='ltr'><strong>cetero</strong></span> <span class='ocrx_word' id='word_1_86' title='bbox 619 1182 746 1246; x_wconf 84' lang='lat' dir='ltr'><strong>absurde</strong></span> <span class='ocrx_word' id='word_1_87' title='bbox 770 1186 831 1246; x_wconf 83' lang='lat' dir='ltr'><strong>sio:</strong></span> <span class='ocrx_word' id='word_1_88' title='bbox 862 1202 900 1248; x_wconf 76' lang='lat' dir='ltr'><strong>oco</strong></span> <span class='ocrx_word' id='word_1_89' title='bbox 925 1182 979 1246; x_wconf 60' lang='grc' dir='ltr'><strong>ῶνα</strong></span> <span class='ocrx_word' id='word_1_90' title='bbox 1002 1185 1041 1247; x_wconf 76' lang='lat' dir='ltr'><strong>oti</strong></span> <span class='ocrx_word' id='word_1_91' title='bbox 1059 1181 1130 1264; x_wconf 67' lang='lat' dir='ltr'><strong>plo</strong></span> 
     </span>
     <span class='ocr_line' id='line_1_12' title="bbox 117 1266 1130 1357; baseline 0.001 -23"><span class='ocrx_word' id='word_1_92' title='bbox 117 1270 236 1348; x_wconf 64' lang='lat' dir='ltr'><strong>mutor,</strong></span> <span class='ocrx_word' id='word_1_93' title='bbox 267 1274 304 1334; x_wconf 84' lang='lat' dir='ltr'><strong>ut</strong></span> <span class='ocrx_word' id='word_1_94' title='bbox 328 1266 480 1357; x_wconf 63' lang='lat' dir='ltr'><strong>ominum</strong></span> <span class='ocrx_word' id='word_1_95' title='bbox 511 1286 637 1335; x_wconf 68' lang='lat' dir='ltr'><strong>omnum</strong></span> <span class='ocrx_word' id='word_1_96' title='bbox 667 1289 746 1352; x_wconf 80' lang='lat' dir='ltr'><strong>quoe</strong></span> <span class='ocrx_word' id='word_1_97' title='bbox 769 1270 891 1353; x_wconf 55' lang='lat' dir='ltr'><strong>fouent</strong></span> <span class='ocrx_word' id='word_1_98' title='bbox 919 1271 986 1335; x_wconf 75' lang='lat' dir='ltr'><strong>siut</strong></span> <span class='ocrx_word' id='word_1_99' title='bbox 1004 1269 1130 1354; x_wconf 82' lang='lat' dir='ltr'><strong>ploooto</strong></span> 
     </span>
     <span class='ocr_line' id='line_1_13' title="bbox 116 1360 1130 1442; baseline 0 -20"><span class='ocrx_word' id='word_1_100' title='bbox 116 1377 265 1423; x_wconf 76' lang='lat' dir='ltr'><strong>converso</strong></span> <span class='ocrx_word' id='word_1_101' title='bbox 274 1360 389 1441; x_wconf 77' lang='lat' dir='ltr'><strong>furore</strong></span> <span class='ocrx_word' id='word_1_102' title='bbox 412 1360 543 1422; x_wconf 89' lang='lat' dir='ltr'><strong>idemne</strong></span> <span class='ocrx_word' id='word_1_103' title='bbox 560 1361 590 1421; x_wconf 88' lang='lat' dir='ltr'><strong>id</strong></span> <span class='ocrx_word' id='word_1_104' title='bbox 602 1361 725 1441; x_wconf 86' lang='lat' dir='ltr'><strong>quidem</strong></span> <span class='ocrx_word' id='word_1_105' title='bbox 738 1361 821 1442; x_wconf 85' lang='lat' dir='ltr'><strong>vidit,</strong></span> <span class='ocrx_word' id='word_1_106' title='bbox 836 1363 934 1424; x_wconf 77' lang='lat' dir='ltr'><strong>cetero</strong></span> <span class='ocrx_word' id='word_1_107' title='bbox 947 1371 1007 1422; x_wconf 86' lang='lat' dir='ltr'><strong>¹non</strong></span> <span class='ocrx_word' id='word_1_108' title='bbox 1021 1361 1130 1423; x_wconf 82' lang='lat' dir='ltr'><strong>habere</strong></span> 
     </span>
     <span class='ocr_line' id='line_1_14' title="bbox 122 1447 1128 1528; baseline 0 -18"><span class='ocrx_word' id='word_1_109' title='bbox 122 1466 179 1528; x_wconf 91' lang='lat' dir='ltr'><strong>quo</strong></span> <span class='ocrx_word' id='word_1_110' title='bbox 202 1451 373 1510; x_wconf 79' lang='lat' dir='ltr'><strong>referretur.</strong></span> <span class='ocrx_word' id='word_1_111' title='bbox 393 1481 436 1493; x_wconf 93' lang='lat'><em>-</em></span> <span class='ocrx_word' id='word_1_112' title='bbox 450 1447 606 1511; x_wconf 84' lang='lat' dir='ltr'><strong>Lucretius</strong></span> <span class='ocrx_word' id='word_1_113' title='bbox 628 1452 661 1510; x_wconf 91' lang='lat' dir='ltr'><strong>in</strong></span> <span class='ocrx_word' id='word_1_114' title='bbox 683 1452 835 1528; x_wconf 86' lang='lat' dir='ltr'><strong>prooemio</strong></span> <span class='ocrx_word' id='word_1_115' title='bbox 858 1449 876 1511; x_wconf 84' lang='lat' dir='ltr'><strong>i</strong></span> <span class='ocrx_word' id='word_1_116' title='bbox 898 1449 935 1510; x_wconf 80' lang='lat' dir='ltr'><strong>vl</strong></span> <span class='ocrx_word' id='word_1_117' title='bbox 958 1452 1076 1528; x_wconf 79' lang='lat' dir='ltr'><strong>aurigae</strong></span> <span class='ocrx_word' id='word_1_118' title='bbox 1098 1451 1128 1510; x_wconf 90' lang='lat' dir='ltr'><strong>in</strong></span> 
     </span>
     <span class='ocr_line' id='line_1_15' title="bbox 119 1531 1162 1618; baseline 0 -20"><span class='ocrx_word' id='word_1_119' title='bbox 119 1537 268 1599; x_wconf 77' lang='lat' dir='ltr'><strong>curriculo</strong></span> <span class='ocrx_word' id='word_1_120' title='bbox 296 1555 435 1599; x_wconf 76' lang='lat' dir='ltr'><strong>coronam</strong></span> <span class='ocrx_word' id='word_1_121' title='bbox 461 1540 575 1618; x_wconf 85' lang='lat' dir='ltr'><strong>petenti</strong></span> <span class='ocrx_word' id='word_1_122' title='bbox 607 1554 639 1599; x_wconf 84' lang='lat' dir='ltr'><strong>se</strong></span> <span class='ocrx_word' id='word_1_123' title='bbox 666 1544 817 1618; x_wconf 78' lang='lat' dir='ltr'><strong>comparat</strong></span> <span class='ocrx_word' id='word_1_124' title='bbox 842 1537 978 1600; x_wconf 83' lang='lat' dir='ltr'><strong>versibus</strong></span> <span class='ocrx_word' id='word_1_125' title='bbox 1007 1534 1051 1600; x_wconf 86' lang='grc'><strong>00</strong></span> <span class='ocrx_word' id='word_1_126' title='bbox 1066 1555 1128 1617; x_wconf 87' lang='lat' dir='ltr'><strong>sqq.</strong></span> <span class='ocrx_word' id='word_1_127' title='bbox 1160 1531 1162 1535; x_wconf 67' lang='grc'>’</span> 
     </span>
     <span class='ocr_line' id='line_1_16' title="bbox 117 1625 1130 1707; baseline -0.002 -21"><span class='ocrx_word' id='word_1_128' title='bbox 117 1625 254 1687; x_wconf 86' lang='lat' dir='ltr'><strong>eiusdem</strong></span> <span class='ocrx_word' id='word_1_129' title='bbox 290 1628 352 1687; x_wconf 81' lang='lat' dir='ltr'><strong>siro</strong></span> <span class='ocrx_word' id='word_1_130' title='bbox 389 1628 615 1707; x_wconf 71' lang='lat' dir='ltr'><strong>comparationis</strong></span> <span class='ocrx_word' id='word_1_131' title='bbox 650 1627 712 1686; x_wconf 74' lang='lat' dir='ltr'><strong>sive</strong></span> <span class='ocrx_word' id='word_1_132' title='bbox 741 1625 947 1687; x_wconf 70' lang='lat' dir='ltr'><strong>similitudinis</strong></span> <span class='ocrx_word' id='word_1_133' title='bbox 978 1626 1035 1686; x_wconf 91' lang='lat' dir='ltr'><strong>hoo</strong></span> <span class='ocrx_word' id='word_1_134' title='bbox 1065 1625 1130 1685; x_wconf 88' lang='lat' dir='ltr'><strong>iooo</strong></span> 
     </span>
     <span class='ocr_line' id='line_1_17' title="bbox 120 1709 1130 1797; baseline -0.002 -22"><span class='ocrx_word' id='word_1_135' title='bbox 120 1713 262 1776; x_wconf 83' lang='lat' dir='ltr'><strong>hahemus</strong></span> <span class='ocrx_word' id='word_1_136' title='bbox 298 1717 429 1797; x_wconf 79' lang='lat' dir='ltr'><strong>initium,</strong></span> <span class='ocrx_word' id='word_1_137' title='bbox 463 1719 583 1776; x_wconf 83' lang='lat' dir='ltr'><strong>versum</strong></span> <span class='ocrx_word' id='word_1_138' title='bbox 613 1709 666 1776; x_wconf 77' lang='lat'><strong>47.</strong></span> <span class='ocrx_word' id='word_1_139' title='bbox 722 1732 830 1775; x_wconf 86' lang='lat' dir='ltr'><strong>novum</strong></span> <span class='ocrx_word' id='word_1_140' title='bbox 864 1713 971 1775; x_wconf 88' lang='lat' dir='ltr'><strong>deinde</strong></span> <span class='ocrx_word' id='word_1_141' title='bbox 1008 1712 1130 1775; x_wconf 85' lang='lat' dir='ltr'><strong>alterius</strong></span> 
     </span>
     <span class='ocr_line' id='line_1_18' title="bbox 118 1801 1130 1884; baseline -0.003 -20"><span class='ocrx_word' id='word_1_142' title='bbox 118 1805 214 1883; x_wconf 84' lang='lat' dir='ltr'><strong>portis</strong></span> <span class='ocrx_word' id='word_1_143' title='bbox 240 1805 386 1883; x_wconf 86' lang='lat' dir='ltr'><strong>prooemii</strong></span> <span class='ocrx_word' id='word_1_144' title='bbox 413 1805 534 1884; x_wconf 89' lang='lat' dir='ltr'><strong>scripsit</strong></span> <span class='ocrx_word' id='word_1_145' title='bbox 559 1804 690 1883; x_wconf 89' lang='lat' dir='ltr'><strong>initium,</strong></span> <span class='ocrx_word' id='word_1_146' title='bbox 718 1805 827 1863; x_wconf 87' lang='lat' dir='ltr'><strong>iterum</strong></span> <span class='ocrx_word' id='word_1_147' title='bbox 849 1801 968 1862; x_wconf 83' lang='lat' dir='ltr'><strong>exiliis</strong></span> <span class='ocrx_word' id='word_1_148' title='bbox 991 1808 1130 1881; x_wconf 83' lang='lat' dir='ltr'><strong>quattuor</strong></span> 
     </span>
     <span class='ocr_line' id='line_1_19' title="bbox 119 1886 1131 1972; baseline -0.001 -21"><span class='ocrx_word' id='word_1_149' title='bbox 119 1891 167 1952; x_wconf 87' lang='lat' dir='ltr'><strong>v&#39;ei</strong></span> <span class='ocrx_word' id='word_1_150' title='bbox 184 1894 284 1971; x_wconf 88' lang='lat' dir='ltr'><strong>potius</strong></span> <span class='ocrx_word' id='word_1_151' title='bbox 302 1893 433 1972; x_wconf 85' lang='lat' dir='ltr'><strong>quinque</strong></span> <span class='ocrx_word' id='word_1_152' title='bbox 450 1891 587 1952; x_wconf 89' lang='lat' dir='ltr'><strong>versibus</strong></span> <span class='ocrx_word' id='word_1_153' title='bbox 599 1886 731 1954; x_wconf 85' lang='lat'>43—46</span> <span class='ocrx_word' id='word_1_154' title='bbox 751 1908 883 1968; x_wconf 84' lang='lat' dir='ltr'><strong>exorsus.</strong></span> <span class='ocrx_word' id='word_1_155' title='bbox 916 1890 994 1970; x_wconf 90' lang='lat' dir='ltr'><strong>quod</strong></span> <span class='ocrx_word' id='word_1_156' title='bbox 1012 1891 1131 1951; x_wconf 85' lang='lat' dir='ltr'><strong>initium</strong></span> 
     </span>
     <span class='ocr_line' id='line_1_20' title="bbox 120 1976 1130 2060; baseline -0.002 -19"><span class='ocrx_word' id='word_1_157' title='bbox 120 1980 253 2041; x_wconf 82' lang='lat' dir='ltr'><strong>iecorum</strong></span> <span class='ocrx_word' id='word_1_158' title='bbox 276 1980 311 2041; x_wconf 83' lang='lat' dir='ltr'><strong>ad</strong></span> <span class='ocrx_word' id='word_1_159' title='bbox 335 1984 388 2041; x_wconf 88' lang='lat' dir='ltr'><strong>nos</strong></span> <span class='ocrx_word' id='word_1_160' title='bbox 411 1981 554 2060; x_wconf 80' lang='lat' dir='ltr'><strong>peruenit.</strong></span> <span class='ocrx_word' id='word_1_161' title='bbox 573 2012 616 2023; x_wconf 93' lang='lat'><strong>—·</strong></span> <span class='ocrx_word' id='word_1_162' title='bbox 635 1976 692 2056; x_wconf 83' lang='lat'><strong>[56</strong></span> <span class='ocrx_word' id='word_1_163' title='bbox 711 1977 768 2057; x_wconf 88' lang='lat' dir='ltr'><strong>sq.]</strong></span> <span class='ocrx_word' id='word_1_164' title='bbox 784 2006 826 2028; x_wconf 89' lang='lat'>=</span> <span class='ocrx_word' id='word_1_165' title='bbox 840 1976 885 2041; x_wconf 87' lang='grc'><strong>90</strong></span> <span class='ocrx_word' id='word_1_166' title='bbox 903 1997 946 2058; x_wconf 88' lang='lat' dir='ltr'><strong>sq.</strong></span> <span class='ocrx_word' id='word_1_167' title='bbox 969 1977 1130 2040; x_wconf 86' lang='lat' dir='ltr'><strong>Bentleius.</strong></span> 
     </span>
     <span class='ocr_line' id='line_1_21' title="bbox 122 2063 1131 2149; baseline -0.002 -20"><span class='ocrx_word' id='word_1_168' title='bbox 122 2103 164 2112; x_wconf 90' lang='lat'><strong>—-</strong></span> <span class='ocrx_word' id='word_1_169' title='bbox 189 2066 232 2130; x_wconf 90' lang='grc'><strong>64</strong></span> <span class='ocrx_word' id='word_1_170' title='bbox 253 2065 379 2132; x_wconf 71' lang='lat' dir='ltr'><strong>ratione</strong></span> <span class='ocrx_word' id='word_1_171' title='bbox 400 2067 489 2129; x_wconf 87' lang='lat' dir='ltr'><strong>Goeh.</strong></span> <span class='ocrx_word' id='word_1_172' title='bbox 508 2067 611 2149; x_wconf 72' lang='lat' dir='ltr'><strong>‘philoi</strong></span> <span class='ocrx_word' id='word_1_173' title='bbox 634 2066 684 2127; x_wconf 84' lang='lat' dir='ltr'><strong>XV</strong></span> <span class='ocrx_word' id='word_1_174' title='bbox 706 2063 780 2129; x_wconf 84' lang='lat'><strong>405.</strong></span> <span class='ocrx_word' id='word_1_175' title='bbox 820 2064 938 2130; x_wconf 65' lang='lat' dir='ltr'><strong>ratioet</strong></span> <span class='ocrx_word' id='word_1_176' title='bbox 956 2066 1034 2148; x_wconf 71' lang='grc'><strong>00,</strong></span> <span class='ocrx_word' id='word_1_177' title='bbox 1057 2084 1131 2146; x_wconf 88' lang='lat' dir='ltr'><strong>quos</strong></span> 
     </span>
     <span class='ocr_line' id='line_1_22' title="bbox 120 2153 1132 2236; baseline 0.002 -21"><span class='ocrx_word' id='word_1_178' title='bbox 120 2156 171 2216; x_wconf 89' lang='lat' dir='ltr'><strong>irio</strong></span> <span class='ocrx_word' id='word_1_179' title='bbox 188 2156 250 2217; x_wconf 90' lang='lat' dir='ltr'><strong>Lm.</strong></span> <span class='ocrx_word' id='word_1_180' title='bbox 269 2156 300 2217; x_wconf 91' lang='lat' dir='ltr'><strong>B.</strong></span> <span class='ocrx_word' id='word_1_181' title='bbox 319 2157 371 2217; x_wconf 63' lang='grc' dir='ltr'><strong>ΜΓ.</strong></span> <span class='ocrx_word' id='word_1_182' title='bbox 394 2159 483 2217; x_wconf 90' lang='lat' dir='ltr'><strong>nimis</strong></span> <span class='ocrx_word' id='word_1_183' title='bbox 506 2155 644 2236; x_wconf 84' lang='lat' dir='ltr'><strong>reiigiose</strong></span> <span class='ocrx_word' id='word_1_184' title='bbox 668 2162 840 2234; x_wconf 83' lang='lat' dir='ltr'><strong>sequuntur.</strong></span> <span class='ocrx_word' id='word_1_185' title='bbox 859 2189 902 2199; x_wconf 93' lang='lat'>-</span> <span class='ocrx_word' id='word_1_186' title='bbox 922 2153 962 2218; x_wconf 91' lang='lat'><strong>81</strong></span> <span class='ocrx_word' id='word_1_187' title='bbox 986 2157 1032 2217; x_wconf 72' lang='lat' dir='ltr'><strong>mi</strong></span> <span class='ocrx_word' id='word_1_188' title='bbox 1050 2153 1132 2217; x_wconf 69' lang='lat' dir='ltr'><strong>roilo</strong></span> 
     </span>
     <span class='ocr_line' id='line_1_23' title="bbox 120 2238 1132 2325; baseline 0 -19"><span class='ocrx_word' id='word_1_189' title='bbox 120 2239 199 2306; x_wconf 64' lang='lat' dir='ltr'><strong>aaut</strong></span> <span class='ocrx_word' id='word_1_190' title='bbox 218 2245 388 2323; x_wconf 63' lang='lat' dir='ltr'><strong>nouumque</strong></span> <span class='ocrx_word' id='word_1_191' title='bbox 404 2242 427 2325; x_wconf 84' lang='lat'><em>†</em></span> <span class='ocrx_word' id='word_1_192' title='bbox 444 2244 582 2308; x_wconf 77' lang='lat' dir='ltr'><strong>tenendo.</strong></span> <span class='ocrx_word' id='word_1_193' title='bbox 614 2242 749 2307; x_wconf 75' lang='lat' dir='ltr'><strong>docendo</strong></span> <span class='ocrx_word' id='word_1_194' title='bbox 762 2243 834 2303; x_wconf 80' lang='lat' dir='ltr'><strong>terri</strong></span> <span class='ocrx_word' id='word_1_195' title='bbox 847 2247 950 2323; x_wconf 85' lang='lat' dir='ltr'><strong>possit.</strong></span> <span class='ocrx_word' id='word_1_196' title='bbox 983 2238 1132 2322; x_wconf 61' lang='lat' dir='ltr'><strong>euinque</strong></span> 
     </span>
     <span class='ocr_line' id='line_1_24' title="bbox 122 2327 1055 2414; baseline 0 -22"><span class='ocrx_word' id='word_1_197' title='bbox 122 2331 193 2392; x_wconf 89' lang='lat' dir='ltr'><strong>dum</strong></span> <span class='ocrx_word' id='word_1_198' title='bbox 220 2334 291 2410; x_wconf 87' lang='lat' dir='ltr'><strong>quid</strong></span> <span class='ocrx_word' id='word_1_199' title='bbox 318 2332 425 2392; x_wconf 87' lang='lat' dir='ltr'><strong>meiius</strong></span> <span class='ocrx_word' id='word_1_200' title='bbox 450 2333 633 2392; x_wconf 83' lang='lat' dir='ltr'><strong>inveniatur:</strong></span> <span class='ocrx_word' id='word_1_201' title='bbox 663 2327 823 2414; x_wconf 23' lang='lat' dir='ltr'><strong>coelosque·</strong></span> <span class='ocrx_word' id='word_1_202' title='bbox 838 2328 969 2393; x_wconf 62' lang='lat' dir='ltr'><strong>mendo</strong></span> <span class='ocrx_word' id='word_1_203' title='bbox 996 2331 1055 2402; x_wconf 81' lang='grc'><strong>00.</strong></span> 
     </span>
     <span class='ocr_line' id='line_1_25' title="bbox 118 2415 1133 2499; baseline 0.001 -18"><span class='ocrx_word' id='word_1_204' title='bbox 118 2415 260 2499; x_wconf 66' lang='lat' dir='ltr'><strong>soluendi</strong></span> <span class='ocrx_word' id='word_1_205' title='bbox 285 2416 390 2498; x_wconf 67' lang='lat' dir='ltr'><strong>vosque</strong></span> <span class='ocrx_word' id='word_1_206' title='bbox 412 2415 542 2481; x_wconf 70' lang='lat' dir='ltr'><strong>muudi</strong></span> <span class='ocrx_word' id='word_1_207' title='bbox 568 2418 663 2479; x_wconf 89' lang='lat' dir='ltr'><strong>Lm.B.</strong></span> <span class='ocrx_word' id='word_1_208' title='bbox 689 2416 771 2480; x_wconf 76' lang='lat' dir='ltr'><strong>ratio</strong></span> <span class='ocrx_word' id='word_1_209' title='bbox 797 2415 874 2481; x_wconf 72' lang='lat' dir='ltr'><strong>‘caeti</strong></span> <span class='ocrx_word' id='word_1_210' title='bbox 894 2415 1064 2498; x_wconf 65' lang='lat' dir='ltr'><strong>spumasque</strong></span> <span class='ocrx_word' id='word_1_211' title='bbox 1091 2420 1133 2482; x_wconf 79' lang='lat' dir='ltr'><strong>te·</strong></span> 
     </span>
     <span class='ocr_line' id='line_1_26' title="bbox 117 2502 1131 2588; baseline -0.003 -17"><span class='ocrx_word' id='word_1_212' title='bbox 117 2505 225 2571; x_wconf 30' lang='lat' dir='ltr'><strong>*modo</strong></span> <span class='ocrx_word' id='word_1_213' title='bbox 245 2507 312 2588; x_wconf 76' lang='lat' dir='ltr'><strong>Mn,</strong></span> <span class='ocrx_word' id='word_1_214' title='bbox 341 2508 511 2570; x_wconf 65' lang='lat' dir='ltr'><strong>anemae</strong></span> <span class='ocrx_word' id='word_1_215' title='bbox 531 2504 641 2587; x_wconf 50' lang='lat' dir='ltr'><strong>specie</strong></span> <span class='ocrx_word' id='word_1_216' title='bbox 663 2506 676 2566; x_wconf 92' lang='lat' dir='ltr'><strong>i</strong></span> <span class='ocrx_word' id='word_1_217' title='bbox 702 2502 777 2587; x_wconf 78' lang='lat'><strong>142,</strong></span> <span class='ocrx_word' id='word_1_218' title='bbox 807 2524 867 2567; x_wconf 91' lang='lat' dir='ltr'><strong>non</strong></span> <span class='ocrx_word' id='word_1_219' title='bbox 889 2506 1038 2568; x_wconf 84' lang='lat' dir='ltr'><strong>intellectu</strong></span> <span class='ocrx_word' id='word_1_220' title='bbox 1064 2525 1131 2588; x_wconf 90' lang='lat' dir='ltr'><strong>pro·</strong></span> 
     </span>
     <span class='ocr_line' id='line_1_27' title="bbox 123 2592 1131 2676; baseline 0 -20"><span class='ocrx_word' id='word_1_221' title='bbox 123 2598 230 2676; x_wconf 85' lang='lat' dir='ltr'><strong>iectus,</strong></span> <span class='ocrx_word' id='word_1_222' title='bbox 270 2613 366 2674; x_wconf 85' lang='lat' dir='ltr'><strong>neque</strong></span> <span class='ocrx_word' id='word_1_223' title='bbox 409 2594 481 2674; x_wconf 88' lang='lat' dir='ltr'><strong>quid</strong></span> <span class='ocrx_word' id='word_1_224' title='bbox 524 2597 564 2655; x_wconf 88' lang='lat' dir='ltr'><strong>sit</strong></span> <span class='ocrx_word' id='word_1_225' title='bbox 601 2592 753 2657; x_wconf 77' lang='lat' dir='ltr'><strong>rationem</strong></span> <span class='ocrx_word' id='word_1_226' title='bbox 793 2595 892 2657; x_wconf 78' lang='lat' dir='ltr'><strong>tenore</strong></span> <span class='ocrx_word' id='word_1_227' title='bbox 931 2613 1047 2656; x_wconf 77' lang='lat' dir='ltr'><strong>curans.</strong></span> <span class='ocrx_word' id='word_1_228' title='bbox 1088 2628 1131 2639; x_wconf 93' lang='lat'><strong>-—</strong></span> 
     </span>
     <span class='ocr_line' id='line_1_28' title="bbox 116 2677 1134 2764; baseline -0.002 -17"><span class='ocrx_word' id='word_1_229' title='bbox 116 2683 165 2748; x_wconf 84' lang='grc'><strong>’83</strong></span> <span class='ocrx_word' id='word_1_230' title='bbox 192 2684 251 2764; x_wconf 75' lang='lat' dir='ltr'><strong>quo</strong></span> <span class='ocrx_word' id='word_1_231' title='bbox 274 2681 373 2763; x_wconf 71' lang='lat' dir='ltr'><strong>fiant</strong></span> <span class='ocrx_word' id='word_1_232' title='bbox 396 2683 492 2764; x_wconf 82' lang='lat' dir='ltr'><strong>Bkm.‚</strong></span> <span class='ocrx_word' id='word_1_233' title='bbox 525 2682 556 2743; x_wconf 91' lang='lat' dir='ltr'><strong>id</strong></span> <span class='ocrx_word' id='word_1_234' title='bbox 584 2685 664 2744; x_wconf 87' lang='lat' dir='ltr'><strong>enim</strong></span> <span class='ocrx_word' id='word_1_235' title='bbox 691 2691 758 2744; x_wconf 87' lang='lat' dir='ltr'><strong>ante</strong></span> <span class='ocrx_word' id='word_1_236' title='bbox 790 2685 889 2744; x_wconf 83' lang='lat' dir='ltr'><strong>omnio</strong></span> <span class='ocrx_word' id='word_1_237' title='bbox 915 2685 1026 2762; x_wconf 82' lang='lat' dir='ltr'><strong>agitur:</strong></span> <span class='ocrx_word' id='word_1_238' title='bbox 1057 2677 1134 2763; x_wconf 72' lang='lat' dir='ltr'><strong>quid</strong></span> 
     </span>
     <span class='ocr_line' id='line_1_29' title="bbox 118 2767 1144 2854; baseline -0.005 -19"><span class='ocrx_word' id='word_1_239' title='bbox 118 2767 243 2854; x_wconf 64' lang='lat' dir='ltr'><strong>fuciunt</strong></span> <span class='ocrx_word' id='word_1_240' title='bbox 272 2770 330 2843; x_wconf 80' lang='lat'><strong>00.</strong></span> <span class='ocrx_word' id='word_1_241' title='bbox 362 2771 427 2833; x_wconf 77' lang='lat' dir='ltr'><strong>edii.</strong></span> <span class='ocrx_word' id='word_1_242' title='bbox 456 2805 499 2815; x_wconf 89' lang='lat'>—</span> <span class='ocrx_word' id='word_1_243' title='bbox 526 2768 657 2834; x_wconf 85' lang='lat'>85-89</span> <span class='ocrx_word' id='word_1_244' title='bbox 689 2771 751 2831; x_wconf 91' lang='lat' dir='ltr'><strong>Lm.</strong></span> <span class='ocrx_word' id='word_1_245' title='bbox 782 2769 815 2832; x_wconf 90' lang='lat' dir='ltr'><strong>B.</strong></span> <span class='ocrx_word' id='word_1_246' title='bbox 840 2771 1016 2852; x_wconf 87' lang='lat' dir='ltr'><strong>seuiudunt,</strong></span> <span class='ocrx_word' id='word_1_247' title='bbox 1054 2770 1144 2850; x_wconf 70' lang='lat' dir='ltr'><strong>quod.</strong></span> 
     </span>
     <span class='ocr_line' id='line_1_30' title="bbox 121 2857 1132 2940; baseline -0.003 -18"><span class='ocrx_word' id='word_1_248' title='bbox 121 2861 258 2922; x_wconf 84' lang='lat' dir='ltr'><strong>versibus</strong></span> <span class='ocrx_word' id='word_1_249' title='bbox 280 2857 332 2940; x_wconf 86' lang='lat'><strong>90,</strong></span> <span class='ocrx_word' id='word_1_250' title='bbox 351 2858 392 2922; x_wconf 88' lang='grc'><strong>91</strong></span> <span class='ocrx_word' id='word_1_251' title='bbox 418 2859 611 2939; x_wconf 83' lang='lat' dir='ltr'><strong>sequentibus</strong></span> <span class='ocrx_word' id='word_1_252' title='bbox 630 2861 771 2920; x_wconf 80' lang='lat' dir='ltr'><strong>orationis</strong></span> <span class='ocrx_word' id='word_1_253' title='bbox 789 2859 925 2920; x_wconf 88' lang='lat' dir='ltr'><strong>ordinem</strong></span> <span class='ocrx_word' id='word_1_254' title='bbox 943 2859 1132 2939; x_wconf 88' lang='lat' dir='ltr'><strong>perturbent:</strong></span> 
     </span>
     <span class='ocr_line' id='line_1_31' title="bbox 122 2947 1131 3029; baseline -0.003 -19"><span class='ocrx_word' id='word_1_255' title='bbox 122 2949 202 3029; x_wconf 82' lang='lat' dir='ltr'><strong>quod</strong></span> <span class='ocrx_word' id='word_1_256' title='bbox 232 2950 299 3009; x_wconf 87' lang='lat' dir='ltr'><strong>fleri</strong></span> <span class='ocrx_word' id='word_1_257' title='bbox 329 2965 413 3027; x_wconf 79' lang='lat' dir='ltr'><strong>nego.</strong></span> <span class='ocrx_word' id='word_1_258' title='bbox 462 2947 550 3008; x_wconf 92' lang='lat' dir='ltr'><strong>modo</strong></span> <span class='ocrx_word' id='word_1_259' title='bbox 579 2955 660 3009; x_wconf 84' lang='lat' dir='ltr'><strong>reete</strong></span> <span class='ocrx_word' id='word_1_260' title='bbox 688 2948 815 3028; x_wconf 82' lang='lat' dir='ltr'><strong>aooipias</strong></span> <span class='ocrx_word' id='word_1_261' title='bbox 842 2950 1026 3009; x_wconf 84' lang='lat' dir='ltr'><strong>enuntiatum</strong></span> <span class='ocrx_word' id='word_1_262' title='bbox 1056 2947 1131 3008; x_wconf 86' lang='lat' dir='ltr'><strong>rela-</strong></span> 
     </span>
     <span class='ocr_line' id='line_1_32' title="bbox 120 3033 1133 3118; baseline -0.002 -20"><span class='ocrx_word' id='word_1_263' title='bbox 120 3041 228 3118; x_wconf 81' lang='lat' dir='ltr'><strong>tivum,</strong></span> <span class='ocrx_word' id='word_1_264' title='bbox 260 3039 301 3098; x_wconf 85' lang='lat' dir='ltr'><strong>ito</strong></span> <span class='ocrx_word' id='word_1_265' title='bbox 332 3035 470 3097; x_wconf 88' lang='lat' dir='ltr'><strong>videlicet</strong></span> <span class='ocrx_word' id='word_1_266' title='bbox 496 3043 530 3096; x_wconf 90' lang='lat' dir='ltr'><strong>ut</strong></span> <span class='ocrx_word' id='word_1_267' title='bbox 555 3044 652 3097; x_wconf 82' lang='lat' dir='ltr'><strong>vertes</strong></span> <span class='ocrx_word' id='word_1_268' title='bbox 680 3033 774 3098; x_wconf 75' lang='lat' dir='ltr'><strong>‘diese</strong></span> <span class='ocrx_word' id='word_1_269' title='bbox 801 3042 947 3116; x_wconf 69' lang='lat' dir='ltr'><strong>vorgtnge</strong></span> <span class='ocrx_word' id='word_1_270' title='bbox 974 3035 1133 3096; x_wconf 86' lang='lat' dir='ltr'><strong>verstehen</strong></span> 
     </span>
     <span class='ocr_line' id='line_1_33' title="bbox 121 3115 1132 3199; baseline -0.002 -12"><span class='ocrx_word' id='word_1_271' title='bbox 121 3127 170 3187; x_wconf 87' lang='lat' dir='ltr'><strong>die</strong></span> <span class='ocrx_word' id='word_1_272' title='bbox 198 3123 276 3185; x_wconf 85' lang='lat' dir='ltr'><strong>ieute</strong></span> <span class='ocrx_word' id='word_1_273' title='bbox 304 3116 407 3184; x_wconf 85' lang='lat' dir='ltr'><strong>nicht&#39;.</strong></span> <span class='ocrx_word' id='word_1_274' title='bbox 437 3152 481 3175; x_wconf 92' lang='lat'><strong>.—</strong></span> <span class='ocrx_word' id='word_1_275' title='bbox 513 3115 632 3198; x_wconf 64' lang='lat' dir='ltr'><strong>&amp;tpides</strong></span> <span class='ocrx_word' id='word_1_276' title='bbox 658 3121 687 3182; x_wconf 79' lang='lat' dir='ltr'><strong>et</strong></span> <span class='ocrx_word' id='word_1_277' title='bbox 712 3118 803 3199; x_wconf 63' lang='lat' dir='ltr'><strong>liquo</strong></span> <span class='ocrx_word' id='word_1_278' title='bbox 819 3119 885 3179; x_wconf 88' lang='lat' dir='ltr'><strong>Ver.</strong></span> <span class='ocrx_word' id='word_1_279' title='bbox 903 3118 1004 3181; x_wconf 87' lang='lat' dir='ltr'><strong>Venet.</strong></span> <span class='ocrx_word' id='word_1_280' title='bbox 1031 3123 1132 3185; x_wconf 79' lang='lat' dir='ltr'><strong>rivom.</strong></span> 
     </span>
     <span class='ocr_line' id='line_1_34' title="bbox 120 3203 1133 3292; baseline -0.001 -17"><span class='ocrx_word' id='word_1_281' title='bbox 120 3215 220 3275; x_wconf 90' lang='lat' dir='ltr'><strong>Purm.</strong></span> <span class='ocrx_word' id='word_1_282' title='bbox 243 3229 309 3273; x_wconf 83' lang='lat' dir='ltr'><strong>ann.</strong></span> <span class='ocrx_word' id='word_1_283' title='bbox 333 3207 433 3291; x_wconf 93' lang='lat' dir='ltr'><strong>philol.</strong></span> <span class='ocrx_word' id='word_1_284' title='bbox 460 3205 543 3270; x_wconf 77' lang='lat'>1877</span> <span class='ocrx_word' id='word_1_285' title='bbox 565 3225 594 3286; x_wconf 84' lang='lat' dir='ltr'><strong>p.</strong></span> <span class='ocrx_word' id='word_1_286' title='bbox 612 3203 655 3271; x_wconf 82' lang='lat'><strong>28</strong></span> <span class='ocrx_word' id='word_1_287' title='bbox 673 3208 740 3268; x_wconf 78' lang='lat' dir='ltr'><strong>Mu:</strong></span> <span class='ocrx_word' id='word_1_288' title='bbox 766 3225 805 3271; x_wconf 83' lang='lat' dir='ltr'><strong>oo</strong></span> <span class='ocrx_word' id='word_1_289' title='bbox 826 3206 917 3289; x_wconf 64' lang='lat' dir='ltr'><strong>tepeo</strong></span> <span class='ocrx_word' id='word_1_290' title='bbox 935 3209 967 3271; x_wconf 91' lang='lat'><strong>0.</strong></span> <span class='ocrx_word' id='word_1_291' title='bbox 995 3226 1033 3273; x_wconf 86' lang='lat' dir='ltr'><strong>ao</strong></span> <span class='ocrx_word' id='word_1_292' title='bbox 1056 3209 1133 3292; x_wconf 60' lang='lat' dir='ltr'><strong>epoto</strong></span> 
     </span>
     <span class='ocr_line' id='line_1_35' title="bbox 120 3294 1132 3382; baseline -0.001 -20"><span class='ocrx_word' id='word_1_293' title='bbox 120 3303 154 3375; x_wconf 85' lang='lat' dir='ltr'><strong>Q.</strong></span> <span class='ocrx_word' id='word_1_294' title='bbox 173 3298 261 3382; x_wconf 69' lang='lat' dir='ltr'><strong>tique</strong></span> <span class='ocrx_word' id='word_1_295' title='bbox 274 3316 349 3360; x_wconf 81' lang='lat' dir='ltr'><strong>corr.</strong></span> <span class='ocrx_word' id='word_1_296' title='bbox 364 3297 396 3369; x_wconf 83' lang='lat' dir='ltr'><strong>Q.</strong></span> <span class='ocrx_word' id='word_1_297' title='bbox 410 3295 524 3357; x_wconf 84' lang='lat' dir='ltr'><strong>Moruli.</strong></span> <span class='ocrx_word' id='word_1_298' title='bbox 538 3294 633 3356; x_wconf 87' lang='lat' dir='ltr'><strong>Lm.B.</strong></span> <span class='ocrx_word' id='word_1_299' title='bbox 654 3296 690 3357; x_wconf 84' lang='lat' dir='ltr'><strong>ad</strong></span> <span class='ocrx_word' id='word_1_300' title='bbox 709 3313 774 3357; x_wconf 87' lang='lat' dir='ltr'><strong>rom</strong></span> <span class='ocrx_word' id='word_1_301' title='bbox 791 3296 876 3377; x_wconf 82' lang='lat' dir='ltr'><strong>maie,</strong></span> <span class='ocrx_word' id='word_1_302' title='bbox 895 3299 966 3376; x_wconf 90' lang='lat' dir='ltr'><strong>quid</strong></span> <span class='ocrx_word' id='word_1_303' title='bbox 986 3303 1065 3360; x_wconf 89' lang='lat' dir='ltr'><strong>enirn</strong></span> <span class='ocrx_word' id='word_1_304' title='bbox 1083 3301 1132 3361; x_wconf 88' lang='lat' dir='ltr'><strong>hio</strong></span> 
     </span>
     <span class='ocr_line' id='line_1_36' title="bbox 120 3380 1131 3471; baseline -0.004 -19"><span class='ocrx_word' id='word_1_305' title='bbox 120 3390 269 3471; x_wconf 80' lang='lat' dir='ltr'><strong>lignorum</strong></span> <span class='ocrx_word' id='word_1_306' title='bbox 295 3387 441 3447; x_wconf 82' lang='lat' dir='ltr'><strong>formam</strong></span> <span class='ocrx_word' id='word_1_307' title='bbox 464 3380 623 3446; x_wconf 78' lang='lat' dir='ltr'><strong>curamus?</strong></span> <span class='ocrx_word' id='word_1_308' title='bbox 651 3390 680 3446; x_wconf 91' lang='lat' dir='ltr'><strong>et</strong></span> <span class='ocrx_word' id='word_1_309' title='bbox 707 3382 913 3446; x_wconf 81' lang='lat' dir='ltr'><strong>ailitterntione</strong></span> <span class='ocrx_word' id='word_1_310' title='bbox 942 3387 1064 3449; x_wconf 84' lang='lat' dir='ltr'><strong>subiato.</strong></span> <span class='ocrx_word' id='word_1_311' title='bbox 1088 3417 1131 3432; x_wconf 52' lang='lat'><strong>*-</strong></span> 
     </span>
     <span class='ocr_line' id='line_1_37' title="bbox 119 3471 1131 3563; baseline -0.004 -22"><span class='ocrx_word' id='word_1_312' title='bbox 119 3473 130 3563; x_wconf 71' lang='lat'>4</span> <span class='ocrx_word' id='word_1_313' title='bbox 149 3471 323 3541; x_wconf 78' lang='lat'>100-105</span> <span class='ocrx_word' id='word_1_314' title='bbox 340 3471 351 3556; x_wconf 88' lang='grc' dir='ltr'><strong>ΙΙ</strong></span> <span class='ocrx_word' id='word_1_315' title='bbox 394 3473 544 3552; x_wconf 80' lang='lat' dir='ltr'><strong>Kauneng.</strong></span> <span class='ocrx_word' id='word_1_316' title='bbox 583 3472 654 3534; x_wconf 88' lang='lat' dir='ltr'><strong>diss.</strong></span> <span class='ocrx_word' id='word_1_317' title='bbox 687 3484 757 3534; x_wconf 84' lang='lat' dir='ltr'><strong>nam</strong></span> <span class='ocrx_word' id='word_1_318' title='bbox 793 3473 830 3534; x_wconf 89' lang='lat' dir='ltr'><strong>de</strong></span> <span class='ocrx_word' id='word_1_319' title='bbox 865 3473 989 3536; x_wconf 91' lang='lat' dir='ltr'><strong>nubium</strong></span> <span class='ocrx_word' id='word_1_320' title='bbox 1026 3482 1131 3538; x_wconf 82' lang='lat' dir='ltr'><strong>natura</strong></span> 
     </span>
     <span class='ocr_line' id='line_1_38' title="bbox 121 3557 1131 3647; baseline 0 -20"><span class='ocrx_word' id='word_1_321' title='bbox 121 3573 207 3647; x_wconf 84' lang='lat' dir='ltr'><strong>poeto</strong></span> <span class='ocrx_word' id='word_1_322' title='bbox 220 3584 264 3626; x_wconf 84' lang='lat' dir='ltr'><strong>ru.</strong></span> <span class='ocrx_word' id='word_1_323' title='bbox 277 3560 345 3625; x_wconf 87' lang='lat'><strong>444</strong></span> <span class='ocrx_word' id='word_1_324' title='bbox 358 3580 421 3643; x_wconf 92' lang='lat' dir='ltr'><strong>sqq.</strong></span> <span class='ocrx_word' id='word_1_325' title='bbox 436 3563 503 3641; x_wconf 81' lang='lat' dir='ltr'><strong>ugit.</strong></span> <span class='ocrx_word' id='word_1_326' title='bbox 519 3594 561 3603; x_wconf 97' lang='lat'><strong>—</strong></span> <span class='ocrx_word' id='word_1_327' title='bbox 577 3557 640 3623; x_wconf 85' lang='grc'><strong>103</strong></span> <span class='ocrx_word' id='word_1_328' title='bbox 653 3560 810 3624; x_wconf 74' lang='lat' dir='ltr'><strong>autum.</strong></span> <span class='ocrx_word' id='word_1_329' title='bbox 826 3560 867 3623; x_wconf 84' lang='lat'><strong>31</strong></span> <span class='ocrx_word' id='word_1_330' title='bbox 882 3560 935 3623; x_wconf 66' lang='grc' dir='ltr'><strong>ΜΓ.</strong></span> <span class='ocrx_word' id='word_1_331' title='bbox 950 3561 1005 3624; x_wconf 80' lang='lat' dir='ltr'><strong>oni</strong></span> <span class='ocrx_word' id='word_1_332' title='bbox 1018 3562 1076 3636; x_wconf 83' lang='lat'><strong>00.</strong></span> <span class='ocrx_word' id='word_1_333' title='bbox 1091 3562 1131 3627; x_wconf 82' lang='lat' dir='ltr'><strong>ab</strong></span> 
     </span>
    </p>
   </div>
   <div class='ocr_carea' id='block_1_3' title="bbox 0 0 1228 3998">
    <p class='ocr_par' dir='ltr' id='par_1_3' title="bbox 0 0 1228 3998">
     <span class='ocr_line' id='line_1_39' title="bbox 0 0 1228 3998; baseline 0 0"><span class='ocrx_word' id='word_1_334' title='bbox 0 0 1228 3998; x_wconf 95' lang='lat' dir='ltr'><strong> </strong></span> 
     </span>
    </p>
   </div>
  </div>
 </body>
</html>
