2438 3998
146 231 217 340 [1⁸⁸
636 232 676 288 VI

222 378 464 458 versabundaque
477 387 635 461 portatur,
660 386 729 460 post
750 381 841 441 incita
857 379 998 440 'cumnis
1117 376 1119 381 ’

223 469 367 546 exagitata
389 467 468 528 ioras
491 471 657 548 erumpitur
679 474 708 530 et
725 467 819 528 simul
842 466 929 528 altam

222 555 380 616 diffindens
402 562 512 617 terram
533 574 672 635 magnum
698 559 855 617 concinnat
876 555 997 616 biatum.

152 649 208 701 505
221 645 253 703 in
275 643 358 723 Syria
381 643 490 705 Sidone
513 645 592 723 quod
614 645 721 706 accidit
744 651 774 705 et
796 645 852 705 init
874 643 947 722 degi
1123 664 1164 706 sse

153 746 205 796 010
223 733 255 791 in
276 730 491 814 Peloponneso,
514 751 587 812 quas
610 735 707 794 exitus
728 732 777 793 hio
800 733 908 792 animai

149 832 152 839 ·
224 819 371 881 disturbat
391 820 482 881 urbes
504 828 535 882 et
555 828 653 882 terrae
675 827 773 881 motus
797 819 932 881 obortus:

222 907 372 987 multaque
394 916 546 989 praeterea
569 909 739 970 oeciderunt
761 909 878 969 moenia
900 908 1016 985 magnis

222 995 351 1058 motibus
373 999 405 1057 in
427 999 530 1077 terris,
553 1004 583 1058 et
604 996 714 1058 multae
736 1014 791 1075 per
812 1014 893 1056 mare
915 1013 1038 1075 pessum

153 1089 207 1142 500
223 1083 384 1147 subsedere
407 1086 470 1145 suis
491 1086 603 1164 pariter
625 1103 692 1145 cum
715 1084 828 1145 civibus
849 1083 949 1144 urbes.
1121 1107 1162 1147 seo

153 1186 204 1236 615
223 1173 302 1252 quod
324 1175 384 1233 nisi
395 1176 573 1252 prorumpit,
591 1179 689 1233 tamen
712 1176 840 1252 impetus
862 1174 927 1250 ipse
949 1172 1058 1230 animai

223 1268 254 1322 et
275 1261 338 1321 fera
359 1262 404 1321 ris
426 1262 506 1320 venti
528 1279 582 1339 per
605 1259 709 1321 crebra
731 1260 874 1321 foramina
896 1266 993 1320 terrae

223 1348 398 1428 dispertitur
419 1353 454 1408 ut
475 1348 582 1408 horror
604 1355 634 1409 et
656 1351 762 1410 incutit
784 1348 853 1408 inde
876 1354 1050 1427 tremorem3
1074 1359 1076 1362 ⁴

223 1435 317 1514 frigus
339 1438 384 1497 uti
407 1443 525 1496 nostros
547 1439 666 1515 penitus
689 1455 756 1498 cum
779 1438 860 1497 venit
881 1438 916 1495 in'
935 1441 1030 1515 artus,

152 1528 208 1581 595
223 1525 354 1585 concutit
375 1525 482 1584 inritos
505 1542 613 1603 cogens
634 1532 763 1586 tremere
786 1531 873 1602 atque
896 1540 1022 1585 movere.
1121 1547 1161 1587 sss

152 1625 205 1675 620
223 1613 344 1692 ancipiti
365 1611 515 1692 trepidant
536 1614 628 1691 igitur
648 1620 764 1673 terrore
786 1630 841 1692 per
862 1611 959 1692 urbis,

168 1735 171 1742 ·
222 1706 300 1762 tecta
322 1708 451 1780 superne
472 1702 591 1781 timent,
613 1707 749 1761 metuunt
771 1701 886 1761 inlerne
909 1717 1049 1760 cavernas

221 1791 313 1849 terrai
335 1806 373 1849 ne
396 1787 539 1849 dissoluat
560 1796 664 1849 natura
686 1796 822 1869 repente,

222 1894 281 1937 neu
304 1876 444 1937 distracta
466 1894 553 1938 suum
575 1876 632 1937 lato
655 1876 810 1956 dispandat
831 1876 943 1936 hiatum

153 1969 208 2020 600
222 1972 309 2044 atque
333 1967 396 2025 suis
419 1965 541 2025 ooniusa
562 1965 633 2026 vebt
654 1963 802 2044 complere
825 1966 929 2025 ruinis.
1119 1987 1159 2028 ooo

153 2065 204 2116 005
222 2053 347 2131 proinde
368 2051 439 2114 licet
460 2055 593 2132 quamvis
615 2052 728 2114 caelum
750 2060 918 2130 terramque
941 2059 1064 2111 reantur

164 2155 167 2159 ·
222 2143 392 2221 incorrupta
414 2140 478 2200 fore
501 2147 637 2202 aeternae
660 2140 795 2201 mandata
818 2140 919 2201 saluti:

222 2235 372 2289 ettamen
394 2229 544 2290 interdum
565 2247 707 2308 praesens
729 2231 775 2288 ris
796 2230 860 2309 ipsa
883 2226 988 2307 pericli

223 2315 323 2377 subdit
345 2321 376 2377 et
397 2316 476 2377 hunc
499 2317 650 2378 stimulum
673 2317 798 2395 quadam
821 2315 857 2377 de
880 2323 963 2395 parte
985 2317 1117 2398 timoris,

34 2417 39 2429 ’
151 2410 206 2460 005
222 2422 259 2465 00
282 2395 408 2483 pedibus
430 2407 538 2485 raptim
559 2404 647 2465 tellus
670 2404 820 2465 subtracta
841 2404 953 2465 feratur
1117 2426 1157 2468 cos

152 2507 203 2558 030
222 2494 254 2552 in
274 2490 459 2573 barathrum,
481 2510 640 2570 rerumque
664 2499 805 2571 sequatur
826 2492 943 2571 prodita
965 2509 1081 2553 summe

221 2580 367 2662 funditus,
390 2588 420 2642 et
441 2581 493 2641 liat
514 2581 617 2641 mimdi
640 2580 761 2641 coniusa
783 2581 878 2640 ruina.

265 2667 350 2730 Nunc
371 2671 446 2729 ratio
470 2686 544 2746 quae
568 2670 619 2748 sit,
641 2686 695 2746 per
718 2668 818 2728 lauces
840 2669 949 2727 montis
972 2675 1004 2728 ut
1026 2667 1138 2730 Aetnae

151 2762 206 2814 040
220 2758 356 2836 expirent
377 2759 461 2836 ignes
484 2755 633 2817 interdum
655 2755 775 2817 turbine
797 2762 891 2836 tauto,
1117 2781 1158 2821 cco

222 2844 388 2923 expediam:
410 2862 507 2923 neque
530 2845 610 2904 enim
632 2844 775 2904 mediocri
797 2843 879 2905 clade
903 2851 1001 2904 coorta

151 2948 202 2998 035
221 2932 356 2993 flammea
376 2938 537 3011 tempestas
560 2930 692 2992 Siculum
714 2932 863 2992 dominata
884 2950 938 3010 per
961 2949 1046 3010 agros

220 3021 356 3081 finitimis
378 3020 415 3081 ad
438 3039 470 3080 se
493 3022 638 3080 convertit
659 3019 796 3100 gentibus
820 3037 883 3100 ora,

220 3108 332 3170 fumida
353 3125 422 3169 cum
444 3107 518 3168 caeli
540 3105 700 3169 scintillare
724 3110 821 3169 omnia
843 3107 951 3186 templa

150 3202 205 3255 045
222 3202 378 3258 cernentes
400 3195 504 3274 pavida
527 3194 712 3275 complebant
733 3203 852 3276 pectora
874 3214 959 3277 cura,
992 3228 994 3232 v
1116 3219 1158 3260 scs

221 3284 291 3363 quid
313 3282 467 3344 moliretur
488 3302 590 3346 rerum
611 3293 715 3346 natura
737 3302 887 3345 novarum.

149 3391 202 3439 040
264 3370 353 3432 Hisce
376 3371 432 3433 tibi
454 3373 486 3432 in
508 3373 598 3433 rebus
621 3373 707 3434 latest
730 3371 845 3451 alteque
868 3371 1026 3432 videndum

219 3468 250 3521 et
273 3459 361 3539 longe
385 3468 505 3521 cunctas
528 3463 559 3522 iu
581 3464 674 3541 partis
697 3459 926 3541 dispiciendum,

213 3556 248 3611 ut
268 3551 478 3613 reminiscaris
502 3554 646 3613 summam
668 3567 767 3610 rerum
791 3567 856 3609 esse
879 3547 1054 3628 profundam
