2438 3998
422 213 704 273 PROLIIGOMENA.
955 211 1070 269 XXXIX

51 363 134 443 quat
154 361 317 423 Lm.B.Mr.:
341 379 496 425 sommam
519 371 586 423 ante
608 362 671 423 Lm.
695 395 737 405 -
762 358 827 424 714
847 360 985 426 ondam
1006 361 1069 423 Lm.

53 450 172 513 Giuss.:
198 447 293 512 nodis
314 449 427 521 oontr.
451 447 552 513 almae
573 450 604 511 B.
628 485 670 494 -
696 448 759 512 718
777 457 947 532 moerores,
969 449 1069 531 philol.

52 538 152 601 XXIII
170 536 245 618 631,
268 536 363 600 cem
382 535 481 601 1019:
508 541 629 619 ereptos
652 538 777 610 OQedd.
801 572 842 581 -
870 536 933 601 738
956 554 1070 601 rorem

53 627 166 690 chrtst.
186 646 214 706 p.
230 623 280 687 14.
316 623 411 689 solem
428 626 553 698 ooedd.
577 661 619 670 -
645 625 707 690 746
726 624 893 689 monentem
910 624 1070 689 consistere

54 732 151 779 vore
172 715 282 776 ka.:
306 713 395 778 reboo
422 715 487 776 odd.
509 733 657 794 prorsum
678 715 773 776 LmB.
800 713 837 776 io
862 712 927 777 o'IIr's
948 715 1002 776 ΜΓ.
1025 749 1068 758 —-

56 801 121 868 747
138 804 237 868 Item
252 800 315 865 749
329 805 450 884 utqui
463 803 575 875 oontr.
590 805 626 864 ef.
640 803 693 864 Mr.
708 812 863 864 comment.
876 803 903 864 Il
917 804 953 864 ad
967 804 981 865 I
995 800 1067 866 755.

54 890 105 954 ubi
128 939 136 954 .
160 937 167 952 .
191 938 198 952 .
224 907 320 971 usque
340 891 436 953 Lm.B.
459 925 501 935 —
525 911 628 953 versus
651 890 714 954 768
740 885 819 974 (774
843 886 920 976 Lm.)
950 892 1067 953 damna-

55 989 108 1042 tur
136 998 153 1041 a
179 979 345 1040 Purmanno
378 973 490 1063 (progr.
517 980 607 1041 Lauh.
637 977 722 1042 1858
752 999 780 1060 p.
808 974 844 1063 3)
876 983 1068 1041 vanissimum

56 1067 133 1129 iilud
155 1069 335 1147 proferente,
358 1071 558 1129 necessarium
581 1087 640 1129 non
664 1087 739 1129 esse.
784 1066 895 1128 Pollius
918 1087 1001 1148 vero,
1031 1068 1067 1128 de

56 1165 113 1218 art.
136 1156 236 1217 vocab.
259 1176 287 1236 p.
303 1153 354 1235 23,
377 1159 584 1235 gravissimum
605 1159 710 1218 vitium
732 1159 764 1217 in
785 1175 819 1217 eo
848 1156 926 1235 quod
950 1163 996 1216 est
1018 1174 1063 1218 eo

55 1243 166 1308 anino
188 1261 257 1306 eum
279 1262 400 1323 corpore
422 1247 520 1306 Inesse
545 1253 659 1325 censet,
689 1245 767 1324 quod
790 1248 830 1306 sit
853 1264 921 1306 oum
944 1263 1067 1324 corpore

56 1336 156 1395 anima
173 1336 297 1414 privato,
322 1333 436 1394 seilicet
453 1352 549 1412 neque
570 1337 659 1403 metri
677 1336 885 1394 necessitatem
902 1336 1067 1413 respiciens

54 1440 156 1573 fleo
166 1419 576 1588 tetenstete
593 1419 1067 1573 imitaremini-...⁷7
1151 1478 1154 1487 ·

56 1599 155 1660 dicam
178 1597 314 1678 superbe.
337 1631 379 1641 —
404 1596 469 1660 824
491 1616 574 1659 raone
600 1606 637 1661 et
654 1645 687 1659 ..
714 1601 883 1659 sooterowr
905 1598 964 1669 OQ.
988 1558 1066 1659 4de

56 1721 100 1731 -
126 1719 169 1730 -
192 1688 228 1748 ot
252 1685 347 1748 Lm.B.
375 1719 418 1729 -
446 1684 510 1750 828
536 1704 641 1748 rerum
667 1703 766 1765 qoam
790 1683 865 1747 dieii
884 1683 1066 1748 homoeome-

55 1773 157 1838 rion.
178 1822 211 1836 ..
243 1772 369 1839 833..
390 1776 486 1855 putot
506 1773 618 1846 OQMr.
647 1772 735 1834 Goeh.
764 1781 875 1852 quaest.
902 1794 930 1853 p.
950 1770 1006 1854 21,
1034 1782 1067 1835 ut

57 1863 165 1925 Graeci
184 1865 370 1943 saepissime:
391 1880 483 1942 quom
500 1862 595 1923 Lm.B.
614 1896 657 1905 -
677 1858 742 1924 834
759 1882 776 1920 a
793 1858 857 1925 835
875 1859 998 1942 egathos
1015 1880 1067 1925 eo·

55 1948 164 2032 ioum,
185 1968 323 2014 ermetem
340 1949 498 2013 amorrius
515 1967 578 2013 esse
598 1958 721 2012 correct.
740 1949 845 2011 Victor.
864 1950 1065 2013 Bouterwoelr.

56 2058 158 2121 progr.
181 2039 314 2100 Rosslob.
339 2036 426 2103 1864
447 2059 475 2118 p.
489 2037 518 2100 4.
550 2057 588 2101 ee
609 2037 693 2119 Ipoe's
711 2037 769 2109 OQ.
788 2072 830 2081 -
846 2036 908 2100 847
928 2057 1067 2119 sonogoeo

57 2145 103 2190 on
131 2143 202 2190 osso
228 2146 318 2206 marg.
342 2127 462 2188 Florem
485 2125 540 2209 32,
563 2128 663 2189 Lamb.
686 2127 785 2188 B.Mr.:
812 2125 941 2206 sanguis
967 2146 1010 2189 oro
1033 2144 1065 2190 os

57 2216 118 2287 OQ.
151 2213 293 2297 somnes,
328 2232 411 2278 arone
447 2232 480 2279 os
509 2234 569 2277 non
603 2220 702 2295 inepte
732 2215 865 2276 Giianius
896 2215 949 2276 sed
977 2235 1066 2277 versu

57 2307 160 2365 minus
181 2303 267 2365 hello.
308 2320 448 2383 sanguen
470 2321 503 2366 os
525 2301 661 2366 aorem?
702 2303 777 2364 Lm:
801 2305 982 2382 argumentis
1005 2322 1065 2365 non

56 2391 174 2454 levibns
200 2395 353 2473 impugnat
379 2411 498 2453 versum
526 2391 680 2453 Stuerenb.
708 2411 736 2472 p.
754 2388 827 2452 424.
868 2391 919 2452 sed
949 2392 1067 2452 videtur

57 2482 132 2543 ferri
155 2498 253 2562 posse,
275 2484 359 2542 utin
377 2499 467 2560 opere
486 2482 667 2560 imperfecto.
700 2487 780 2541 certe
799 2497 912 2542 aarum
930 2486 1016 2559 poeta
1034 2483 1067 2541 in

56 2567 160 2650 rebus,
183 2587 257 2648 quae
280 2571 312 2629 in
332 2569 423 2630 valido
447 2587 592 2649 oppressu
615 2570 721 2629 durare
740 2586 799 2628 non
816 2576 947 2649 possent,
969 2572 1067 2647 potuit

57 2676 119 2718 non
138 2658 203 2718 sine
217 2659 331 2718 ratione
345 2660 488 2719 omIttere.
504 2691 545 2700 —
561 2655 625 2720 858
643 2654 726 2718 otus
742 2655 850 2733 omot's,
868 2659 898 2718 et
913 2654 1022 2718 aridos
1039 2657 1069 2719 et

57 2742 168 2826 liquor,
181 2744 255 2825 Ipse,
269 2748 310 2806 ita
323 2752 403 2807 reete
418 2745 553 2806 distinxit
561 2745 720 2806 Lohmann.
731 2753 842 2824 quaest.
852 2744 968 2805 Lueret.
977 2764 1006 2825 p.
1014 2741 1066 2807 59.

63 2871 107 2880 -
125 2831 193 2898 860
212 2829 367 2918 (venisque
380 2838 479 2898 Arent.
495 2837 608 2898 Susem.
622 2835 722 2915 philol.
737 2834 800 2895 XIV
813 2830 877 2897 563
893 2828 950 2918 sq.)
967 2833 1067 2896 saete-

34 2982 38 2987 .
62 2923 189 3004 qonQ.
199 2917 357 3009 reete-ss
366 2920 551 3001 869...attr,
560 2916 720 3008 auget—I!
729 2924 842 2984 Susem.
853 2922 955 3002 etBrg.
965 2921 1066 3002 philol.

59 3019 154 3082 XXIII
176 3038 205 3100 p.
224 3015 289 3082 633
300 3037 376 3098 sqq.:
404 3013 463 3079 ato
483 3018 574 3097 auget
594 3014 718 3086 OQedd.
738 3048 780 3058 —
804 3013 868 3078 868
896 3033 933 3077 eo
958 3013 1070 3078 aliero

56 3105 154 3190 penas,
173 3125 252 3188 quoe
269 3103 363 3187 779848
379 3102 587 3179 emotionem
606 3100 786 3166 eooriootoo
798 3102 873 3163 Flor.
889 3101 945 3165 31:
963 3101 1055 3166 orioro

59 3199 111 3258 tor
129 3196 189 3268 OQ.
203 3213 282 3274 quoe
299 3191 481 3274 oloeoipeoe‘s
494 3191 636 3255 monor
648 3191 743 3252 Lm.B.
758 3189 851 3271 lipoe's
863 3189 914 3253 hes
927 3190 1070 3256 oriootor

61 3287 115 3347 ΜΓ.
133 3317 180 3330 -
203 3280 265 3345 877
285 3277 295 3369 ss
312 3301 381 3345 ouon
399 3279 500 3362 lepidi
519 3278 653 3360 lapidem
671 3279 814 3343 tero'mos:
836 3282 898 3343 Lm.
918 3285 958 3344 ita
976 3291 1065 3345 reete.

63 3374 138 3436 nihil
170 3372 316 3433 excidisse
349 3373 433 3432 docet
463 3370 559 3430 Giuss.
609 3369 721 3448 Iapides
753 3380 821 3432 sunt
852 3370 991 3432 molares:
1023 3369 1067 3432 Io-

57 3460 128 3544 peili
145 3459 183 3524 io
200 3457 335 3540 7048871888
353 3460 486 3519 terremus
501 3454 559 3525 00.
574 3487 616 3497 —
632 3450 697 3516 880
714 3451 831 3515 salices
844 3453 943 3515 Bruno
970 3473 1069 3533 progr.

60 3550 150 3612 narn.
175 3547 261 3613 1872
288 3567 316 3628 p.
331 3543 360 3608 3.
388 3542 492 3607 earnes
514 3542 639 3614 oona.
658 3574 700 3584 -
725 3538 787 3605 881
819 3538 906 3620 quart
933 3503 1069 3626 (sapore)
