2438 3998
438 789 480 876 Τ.
505 787 731 874 LUORE'PI
764 786 888 873 einr

298 941 390 1039 DE
435 941 690 1039 RERUM
734 939 1032 1038 NATURA

467 1111 600 1178 nmen
624 1110 862 1179 cucurone.

214 1399 321 1480 Suare,
343 1399 420 1458 mari
440 1413 546 1476 magno
568 1395 757 1458 turbantibus
780 1415 908 1476 aequora
930 1399 1027 1458 ventis

214 1506 231 1549 e
253 1494 334 1563 terra
355 1503 495 1564 magnum
518 1484 639 1546 alterius
663 1492 797 1564 spectare
819 1485 962 1566 laborem3

214 1593 275 1636 non
298 1576 367 1654 quia
390 1575 490 1634 vexari
512 1580 719 1652 quemquamst
741 1573 869 1634 iucunda
891 1574 1038 1655 voluptas,

215 1663 268 1725 sed
292 1662 399 1742 quibus
422 1664 487 1741 ipse
509 1660 593 1722 malis
617 1679 718 1722 careas
741 1663 809 1740 quia
831 1679 955 1723 cernere
978 1669 1106 1723 suarest.

180 1763 304 1812 osuave
328 1753 417 1812 etiam
438 1749 509 1810 belli
532 1751 692 1810 certamina
714 1767 819 1827 magna
841 1752 921 1810 tueri
1157 1765 1171 1804 s

215 1857 269 1918 per
292 1856 412 1918 campos
434 1840 592 1919 instructa,
614 1845 665 1898 tua
688 1839 752 1898 sine
774 1844 858 1916 parte
880 1837 998 1917 pericli:
1158 1852 1171 1892 ⁵

216 1925 269 1986 sed
291 1925 335 1986 nil
357 1925 473 1986 dulcius
497 1932 555 2007 est,
576 1924 653 1986 bene
677 1943 764 2004 quam
787 1927 901 1986 munita
922 1934 1025 1986 tenere

217 2013 294 2074 edita
317 2012 451 2073 doctrina
474 2016 641 2092 sapientum
662 2013 772 2093 templa
795 2031 913 2094 serena,

216 2100 370 2179 despicere
392 2100 470 2160 unde
494 2118 584 2179 queas
607 2101 680 2161 alios
701 2102 872 2180 passimque
894 2101 994 2162 videre

165 2197 198 2245 10
218 2207 318 2249 errare
342 2194 428 2266 atque
451 2189 528 2247 viam
550 2187 675 2268 palantis
698 2207 841 2268 quaerere
863 2191 953 2271 ritae,

217 2284 331 2338 certare
353 2277 486 2356 ingenio,
509 2276 688 2337 contendere
711 2275 876 2358 nobilitate,

217 2372 319 2425 noctes
342 2371 429 2443 atque
452 2364 516 2423 dies
539 2365 595 2424 niti
616 2371 784 2444 praestante
807 2363 907 2424 labore

217 2452 254 2512 ad
278 2470 407 2513 summas
430 2470 582 2531 emergere
605 2471 676 2531 opes
699 2470 858 2530 rerumque
881 2454 979 2531 potiri.

218 2559 234 2600 o
258 2543 382 2601 miseras
404 2539 558 2600 hominum
580 2547 709 2621 mentes,
732 2558 749 2601 o
772 2547 892 2619 pectora
915 2537 1014 2600 caeca!

165 2636 198 2685 15
218 2627 354 2707 qualibus
377 2627 562 2688 intenebris
584 2630 661 2688 vitae
685 2630 860 2707 quantisque
882 2627 1003 2706 periclis

218 2715 335 2794 degitur
357 2714 413 2775 hoc
436 2717 501 2775 aevi
523 2713 770 2794 quodcumquesti
806 2733 904 2775 nonne
927 2715 1028 2775 videre

217 2803 260 2863 nil
282 2801 361 2863 aliud
385 2802 442 2862 sihi
465 2810 599 2864 naturam
621 2803 741 2885 latrare,
764 2804 823 2863 nisi
845 2804 932 2881 utqui

218 2909 342 2971 corpore
365 2892 517 2951 seiunctus
541 2890 624 2951 dolor
647 2890 736 2972 absit,
758 2908 901 2968 mensque
924 2890 1039 2950 fruatur

218 2978 347 3040 iucundo
371 2996 473 3059 sensu,
496 2997 568 3039 cura
591 2985 703 3039 semota
725 2974 887 3057 metuque?

165 3074 200 3123 20
219 3085 289 3146 ergo
312 3083 485 3145 corpoream
508 3065 545 3126 ad
567 3073 701 3126 naturam
723 3084 816 3145 pauca
838 3065 972 3126 videmus

219 3173 285 3216 esse
309 3172 384 3234 opus
403 3155 536 3235 omnino,
559 3171 635 3233 quae
658 3153 777 3214 demant
799 3171 925 3232 cumque
949 3152 1090 3213 dolorem.

219 3242 340 3302 delicias
364 3260 482 3320 quoque
504 3243 549 3301 uti
571 3241 679 3302 multas
703 3241 892 3302 substernere
915 3243 1043 3321 possint,

219 3332 331 3409 gratius
354 3329 518 3411 interdum,
540 3347 637 3408 neque
660 3336 765 3390 natura
787 3331 851 3408 ipsa
874 3331 1014 3410 requirit,

220 3420 329 3479 sinon
352 3436 441 3479 aurea
464 3423 534 3478 sunt
555 3420 694 3478 iuvenum
718 3417 875 3478 simulacra
896 3435 951 3496 per
974 3416 1063 3478 aedes
