2438 3998
568 226 595 281 Π

145 372 310 452 muralique
334 379 422 451 eaput
444 391 591 434 summum
615 376 735 436 cinxere
758 393 881 457 corona,

146 463 263 521 eximiis
286 463 399 521 munita
422 460 495 521 locis
518 464 588 540 quia
611 465 739 523 sustinet
760 463 859 524 urbes.

147 568 204 628 quo
228 567 307 609 nunc
330 551 440 627 insigni
462 567 516 627 per
539 567 659 628 magnas
681 551 814 629 praedita
835 559 932 613 terras

145 638 283 696 horrifice
306 636 401 697 fertur
423 636 538 697 divinae
561 640 665 698 matris
688 641 793 717 imago.

75 742 127 790 610
145 725 222 785 haue
244 726 342 784 variae
365 732 468 802 gentes
491 727 612 804 antiquo
634 744 717 787 more
740 745 892 788 sacrorum

145 812 262 873 Idaeam
284 814 414 872 vocitant
435 819 573 894 matrem,
597 813 795 893 Phrygiasque
818 823 950 876 cateruas

146 901 217 961 dant
239 903 376 980 comites,
400 903 469 979 quia
491 903 621 979 primum
644 920 680 962 en
703 902 762 962 illis
785 903 895 964 finibus
918 904 1010 965 edunt

145 1007 200 1067 per
221 995 368 1048 terrarum
393 988 495 1048 orbem
518 989 618 1068 fruges
642 992 775 1069 coepisse
799 993 902 1052 creari.

147 1075 244 1136 Gallos
268 1075 446 1156 attribuunt,
472 1079 554 1156 quia,
577 1095 688 1138 numen
711 1081 762 1157 qni
785 1079 923 1140 violarint

76 1179 127 1230 616
146 1166 249 1225 matris
272 1171 302 1224 et
323 1166 432 1242 ingrati
455 1164 639 1242 genitoribus
661 1168 774 1226 inventi
796 1169 870 1248 sint,

147 1252 314 1330 siguificare
337 1252 439 1312 volunt
460 1252 598 1331 indignos
621 1271 687 1314 esse
710 1254 870 1336 putandos,

146 1343 241 1400 vivam
263 1342 436 1418 progeniem
458 1343 510 1419 qui
532 1343 564 1401 in
587 1360 654 1402 oras
676 1341 798 1402 luminis
822 1343 918 1404 edant.

145 1436 283 1508 tympana
304 1434 386 1488 tenta
408 1435 511 1489 tonant
532 1429 639 1508 palmis
662 1437 692 1491 et
714 1430 845 1510 cymbala
868 1433 981 1492 circum

147 1534 286 1596 concava,
309 1518 525 1595 raucisonoque
547 1521 699 1578 minantur
721 1538 832 1580 cornua
855 1527 955 1598 cantu,

70 1622 128 1671 eno
147 1613 177 1665 et
199 1605 325 1682 Phrygio
348 1603 481 1665 stimulat
503 1623 626 1666 numero
649 1624 719 1666 cava
741 1607 813 1667 tibia
836 1609 958 1685 mentiS,

146 1692 263 1771 telaque
286 1699 487 1772 praeportant,
510 1693 632 1754 violenti
655 1697 737 1772 signa
761 1695 883 1774 firroris,

147 1784 277 1859 ingratos
300 1783 414 1840 animos
437 1788 525 1859 atque
548 1783 638 1859 impia
659 1789 779 1860 pectora
801 1782 880 1860 volgi

147 1876 317 1930 conterrere
340 1876 421 1928 metu
444 1886 519 1947 quae
541 1871 657 1948 possint
679 1870 802 1931 numini'
825 1869 916 1930 divae.

148 1975 218 2035 ergo
241 1973 308 2017 cum
331 1959 460 2034 primum
482 1975 601 2036 magnas
624 1959 738 2018 invecta
761 1976 816 2036 per
837 1957 921 2018 urbis

77 2062 128 2111 625
147 2045 299 2106 munificat
321 2047 409 2105 tacita
432 2045 564 2106 mortalis
587 2053 668 2106 muta
691 2045 797 2125 salute,

142 2151 215 2194 aere
239 2140 326 2211 atque
349 2140 470 2211 argento
494 2140 630 2193 sternunt
652 2135 710 2193 iter
733 2151 819 2194 omne
842 2136 969 2214 viarum,

147 2221 277 2298 largifica
299 2222 376 2298 stipe
400 2220 540 2300 ditantes,
563 2223 747 2299 ninguntque
770 2240 906 2282 rosarum

147 2308 270 2368 ssoribus
292 2307 463 2369 umbrantes
487 2316 611 2369 matrem
634 2312 834 2388 comitumque
858 2317 997 2370 catervas.

147 2397 195 2456 hic
219 2403 329 2456 armata
353 2390 470 2477 manus,
493 2396 616 2456 Cercetas
639 2399 758 2458 nomine
782 2396 851 2457 Grai

77 2502 129 2550 630
149 2502 223 2563 quos
245 2491 411 2543 memorant
432 2483 582 2564 Phrygios,
605 2486 683 2545 inter
706 2504 738 2545 se
761 2485 836 2546 iorte
859 2482 941 2563 qnod
961 2482 1060 2545 armis

147 2572 253 2632 ludunt
274 2573 307 2631 in
329 2590 543 2650 numerumque
567 2572 698 2633 exultant
722 2575 863 2651 sanguine
887 2572 969 2653 laeti,

146 2659 292 2720 terrificas
315 2662 445 2738 capitum
468 2663 633 2738 quatientes
655 2663 785 2720 momine
808 2662 926 2740 cristas,

147 2747 282 2808 Dictaeos
305 2748 438 2807 referunt
460 2747 596 2828 Curetas,
619 2751 670 2826 qui
692 2748 770 2808 lovis
792 2747 876 2808 illum

146 2838 276 2913 vagitum
298 2837 330 2895 in
354 2834 439 2895 Creta
463 2836 609 2914 quondam
634 2836 797 2897 occultasse
820 2837 971 2916 seruntur,

76 2941 128 2990 635
148 2941 215 2984 eum
237 2925 324 3002 pueri
346 2925 459 2983 circum
481 2943 605 3002 puerum
628 2927 749 3003 pernice
774 2925 881 2985 chorea
1044 2934 1083 2976 6³⁵

75 3017 131 3070 637
147 3014 252 3071 armati
274 3013 304 3071 in
328 3029 484 3071 numerum
507 3012 659 3091 pulsarent
682 3013 800 3074 aeribus
824 3031 905 3094 aera,
1043 3024 1083 3064 ⁶³⁷

146 3117 184 3159 ne
207 3099 352 3159 Saturnus
375 3117 443 3159 eum
465 3100 551 3160 malis
573 3102 725 3161 mandaret
748 3101 871 3180 adeptus

147 3194 358 3265 aeternumque
381 3187 466 3247 daret
487 3190 576 3247 matri
598 3188 653 3249 sub
676 3196 795 3267 pectore
819 3187 930 3247 volnus.

75 3291 130 3341 640
145 3282 302 3353 propterea
325 3293 460 3352 magnam
482 3282 607 3336 matrem
629 3279 735 3336 armati
757 3278 947 3354 comitantur,

75 3380 127 3429 640
146 3370 196 3422 aut
219 3365 287 3441 quia
311 3365 478 3441 significant
501 3364 596 3424 divam
619 3365 790 3442 praedicere
813 3371 846 3424 ut
869 3366 959 3423 armis

146 3468 180 3509 ac
202 3451 311 3510 virtute
333 3451 425 3511 velint
447 3453 572 3530 patriam
596 3452 755 3512 defendere
778 3459 888 3512 terram

144 3537 353 3617 praesidioque
376 3546 483 3618 parent
507 3540 668 3618 decorique
690 3539 863 3619 parentibus
887 3556 962 3598 esse.

126 3645 270 3689 Lucanorun.
285 3648 319 3690 ed.
333 3648 461 3700 Bricgcr.
854 3645 870 3691 4
