2438 3998
581 228 621 280 111

168 390 256 450 quam
280 373 363 432 tenui
386 379 503 432 constet
525 379 656 454 textura,
679 391 825 452 quamque
849 373 914 435 loco
937 391 969 435 se

97 477 149 525 210
169 462 318 520 contineat
340 477 443 539 parvo,
466 461 493 519 si
516 462 611 538 possit
633 459 860 543 conglomerari‚

170 548 248 626 quod
272 546 360 608 simul
384 553 471 624 atque
494 547 644 608 hominem
666 546 719 608 leti
742 567 846 609 secura
869 552 954 628 quies
978 556 1024 609 est

169 636 289 714 indepta
313 641 400 712 atque
424 636 515 695 animi
538 642 642 695 natura
665 638 838 714 animaeque
861 639 999 717 recessit,

168 723 212 782 nil
234 722 277 782 ibi
299 721 421 781 libatum
444 721 481 781 de
504 729 565 782 toto
589 740 713 801 corpore
736 741 840 783 cernas

169 810 205 870 ad
229 813 372 890 speciem,
395 808 438 869 nil
460 809 497 869 ad
518 810 648 889 pondus:
670 828 752 870 mors
775 813 872 871 omnia
893 819 1036 893 praestat,

100 911 152 962 215
169 897 288 958 vitalem
310 903 428 976 praeter
451 915 572 957 sensum
595 897 780 977 calidumque
803 917 950 977 vaporem.

171 1004 240 1063 ergo
264 987 390 1046 animam
413 991 504 1045 totam
527 988 680 1064 perparvis
706 1004 772 1046 esse
795 994 947 1047 necessest

172 1073 333 1133 seminibus
356 1090 461 1132 nexam
484 1091 538 1151 per
560 1091 649 1133 venas
671 1075 785 1135 viscera
807 1093 927 1155 nervos,

173 1168 329 1240 quatenus,
352 1162 449 1220 omnis
471 1159 523 1220 uhi
545 1178 561 1220 e
584 1167 646 1221 toto
669 1163 727 1222 iam
750 1180 873 1241 corpore
897 1164 1000 1243 cessit,

172 1251 279 1309 extima
303 1248 504 1308 membrorum
527 1250 639 1308 circum
662 1268 784 1310 caesura
807 1257 905 1310 tamen
928 1267 960 1310 se

101 1351 153 1400 tto
173 1336 349 1397 incolumem
372 1342 503 1414 praestat
524 1354 580 1397 nec
603 1337 674 1397 defit
695 1337 836 1415 ponderis
859 1336 960 1397 hilum.

173 1424 248 1502 quod
273 1441 366 1502 genus
389 1430 448 1504 est,
470 1422 577 1483 Bacchi
600 1442 667 1484 cum
690 1424 745 1484 llos
767 1426 898 1506 evanuit,
921 1432 972 1485 aut
994 1443 1062 1486 cum
1117 1504 1118 1508 Ἰ

172 1514 294 1590 spiritus
317 1511 462 1588 unguenti
485 1513 582 1571 suavis
605 1511 721 1589 diffugit
743 1514 894 1593 inauras,

173 1606 223 1660 aut
245 1599 342 1676 aliquo
366 1616 433 1658 cum
456 1599 515 1658 iam
538 1616 626 1658 sucus
649 1599 685 1659 de
709 1617 833 1678 corpore
856 1602 960 1660 cessit:

173 1686 232 1746 nilo
256 1685 349 1747 oculis
371 1692 471 1745 tamen
494 1704 559 1746 esse
582 1688 680 1746 minor
702 1705 751 1746 res
776 1689 839 1765 ipsa
862 1687 978 1748 videtur

101 1790 153 1837 225
172 1781 328 1853 propterea
350 1791 446 1851 neque
470 1772 633 1834 detractum
655 1774 692 1834 de
715 1775 845 1853 pondere
869 1777 1040 1855 quicquam,

172 1864 325 1941 nimirum,
349 1863 417 1939 quia
439 1861 530 1921 multa
552 1864 722 1940 minutaque
747 1864 860 1923 semina
882 1879 970 1923 sucos

172 1950 305 2009 efficiunt
328 1955 357 2008 et
380 1949 501 2009 odorem
523 1951 555 2008 in
578 1956 638 2010 toto
663 1968 786 2028 corpore
809 1968 918 2010 rerum.

173 2055 263 2115 quare
287 2039 376 2096 etiam
399 2044 486 2114 atque
510 2038 599 2096 etiam
620 2040 729 2098 mentis
752 2045 887 2098 naturam
909 2039 1083 2116 animaeque

174 2127 250 2185 scire
273 2123 343 2184 licet
365 2142 507 2203 perquam
530 2124 667 2202 pauxillis
690 2144 756 2186 esse
781 2133 908 2186 creatam

101 2227 154 2276 230
174 2211 349 2293 seminibus
372 2214 511 2290 quoniam
534 2212 650 2290 lugiens
673 2213 716 2273 nil
737 2214 878 2292 ponderis
901 2213 1004 2274 aulert.

217 2298 279 2360 Nec
300 2306 399 2360 tamen
421 2299 495 2359 haec
518 2299 642 2378 simplex
665 2300 752 2361 nobis
774 2308 879 2361 natura
901 2300 1067 2380 putandast

173 2389 269 2446 tenvis
292 2389 372 2446 enim
394 2386 537 2466 quaedam
560 2387 753 2448 moribundos
776 2389 887 2448 deserit
909 2406 979 2448 aura

173 2476 264 2535 mixta
286 2491 407 2554 vapore,
429 2492 519 2552 vapor
541 2493 630 2554 porro
653 2477 744 2536 trahit
766 2481 834 2536 aira
856 2491 971 2556 secum,

173 2581 229 2622 nec
252 2561 331 2621 calor
354 2569 400 2622 est
422 2565 591 2643 quisquam,
614 2566 664 2623 cui
685 2581 746 2624 non
768 2565 807 2623 sit
829 2566 939 2622 mixtus
962 2569 992 2623 et
1015 2567 1078 2623 air:

103 2667 155 2715 235
174 2668 240 2709 rara
263 2648 342 2728 quod
365 2651 430 2709 eius
453 2652 533 2710 enim
555 2658 670 2711 constat
692 2658 809 2732 natura,
831 2657 984 2711 necessest

174 2739 251 2797 aeris
274 2739 353 2797 inter
376 2754 444 2796 eum
466 2737 628 2816 primordia
650 2739 742 2799 multa
763 2741 883 2798 moveri.

174 2827 233 2884 iarn
255 2823 364 2902 triplex
386 2827 531 2886 animaest
552 2828 642 2904 igitur
665 2834 769 2887 natura
791 2831 920 2904 reperta:

174 2930 229 2971 nec
251 2918 349 2972 tamen
372 2911 445 2972 haec
466 2921 511 2973 sat
529 2921 599 2974 sunt
617 2913 653 2974 ad
672 2932 792 2975 sensum
811 2920 917 2973 cuncta
936 2911 1109 2993 creandum,

174 2998 216 3058 nil
238 2999 345 3060 horum
368 3002 508 3078 qnoniam
529 3003 637 3080 recipit
658 3020 708 3062 res
730 3019 817 3081 posse
841 3019 942 3061 creare

102 3103 156 3152 ato
175 3087 336 3149 sensiferos
357 3095 469 3169 motus,
492 3089 635 3166 quaedam
657 3107 715 3168 qne
733 3085 757 3168 †
774 3096 873 3149 mente
896 3087 1016 3150 volutat.

175 3182 278 3253 quarta
301 3194 418 3254 quoque
440 3175 488 3236 his
511 3178 602 3254 igitur
625 3177 767 3255 quaedam
791 3184 895 3237 natura
917 3181 1071 3236 necessest

174 3262 371 3325 adtribuatur:
397 3270 460 3324 east
482 3267 603 3324 omnino
625 3267 754 3325 nominis
777 3282 898 3344 expers;

174 3368 232 3428 qua
254 3368 350 3429 neque
373 3350 512 3412 mobilius
535 3354 693 3431 quicquam
715 3370 811 3431 neque
834 3352 951 3412 tenvius
974 3357 1054 3411 extat

174 3455 230 3498 nec
251 3440 345 3516 magis
367 3456 385 3499 e
404 3442 503 3517 parvis
525 3447 556 3500 et
577 3439 691 3500 levibus
714 3448 760 3501 est
782 3440 949 3520 elementis3

102 3539 155 3588 sto
175 3526 335 3587 sensiferos
358 3534 456 3587 motus
478 3545 553 3606 quae
577 3527 651 3588 didit
673 3530 769 3606 prima
790 3545 845 3606 per
868 3533 963 3587 artus:
