2438 3998
104 195 193 250 XXIV
467 192 750 249 ruodmannus

192 341 363 402 Proximum
395 348 455 421 est,
491 349 525 401 ut
556 340 587 400 id
619 340 821 419 quaerendum
854 339 988 401 videatur
1020 347 1051 401 et
1084 342 1116 420 in

105 432 268 491 discrimen
296 429 451 509 agendum,
476 428 602 489 liceatne
630 446 697 488 cum
725 434 857 508 poetam,
880 430 986 506 quiin
1008 446 1115 490 anaco-

104 517 196 579 luthis
224 524 255 577 et
281 516 464 588 soloecismis
490 523 606 577 tantum
634 515 691 576 sibi
716 518 777 576 sive
800 517 962 594 sumpserit
983 517 1046 576 sive
1070 518 1116 576 iu-

105 605 244 686 dulsorit‚
271 607 303 665 in
331 607 439 666 ceteris
462 604 566 685 rebus,
589 603 697 683 quihus
720 621 818 664 sermo
840 611 871 665 et
894 602 1021 664 elocutio
1044 622 1115 666 con-

104 696 230 774 tinetur,
263 695 295 753 in
325 695 369 753 eis
405 693 471 752 dico
509 710 583 772 quae
619 691 655 752 ad
692 691 855 770 analogiam
885 693 1050 774 pertinent,
1083 695 1116 753 in

104 780 315 842 vocabulorum
337 799 395 841 usu
413 783 611 860 antiquorum,
633 797 777 840 nouorum
799 780 932 860 fictione,
954 781 986 839 in
1008 779 1116 841 verbo·

104 887 172 930 rum
200 886 268 930 cum
295 868 394 929 verbis
422 871 642 930 constructione
669 875 730 927 tam
757 869 890 946 angustis
919 866 1027 928 finibus
1056 870 1116 928 cir·
1143 892 1145 897 ·

105 956 316 1037 cumscriberc‚
339 975 426 1036 quam
448 957 652 1017 Lachmannus
676 958 780 1034 etqui
803 958 832 1016 ci
853 955 994 1035 pleraque
1018 955 1116 1017 credi-

105 1045 226 1127 derunt,
253 1047 566 1124 circumscripserunt‚
593 1051 639 1123 ut,
667 1061 742 1122 quae
769 1061 830 1103 non
855 1043 923 1122 plus
950 1043 1043 1104 semel
1068 1044 1116 1105 vel

104 1133 151 1194 bis
178 1136 210 1194 in
237 1135 377 1195 carminis
404 1133 441 1193 de
463 1150 565 1192 rerum
590 1138 694 1193 natura
717 1130 868 1192 codicibus
891 1131 1075 1212 legerentur,
1099 1151 1116 1192 a

104 1219 242 1283 Lucretio
265 1238 353 1299 posse
380 1220 512 1298 prolecta
540 1238 606 1280 esse
633 1225 782 1297 negarent.
828 1219 898 1297 quid
926 1219 992 1279 dico
1020 1220 1116 1280 semel

104 1308 151 1370 vel
168 1305 237 1368 bis?
269 1326 366 1368 nonne
384 1306 590 1367 Lachmannus
611 1310 698 1367 etiam
718 1325 752 1366 ea
770 1309 903 1387 mutarit,
921 1325 996 1386 quae
1015 1310 1116 1368 sexies

104 1395 151 1455 vel
175 1397 285 1474 septies
308 1397 339 1456 in
362 1394 447 1455 libris
469 1413 559 1455 manu
582 1396 702 1473 scriptis
725 1401 825 1454 extare
844 1394 966 1474 videret,
988 1402 1023 1456 ut
1039 1394 1116 1456 illud

104 1485 144 1560 et,
166 1482 219 1543 ubi
242 1489 322 1543 esset
343 1481 438 1545 ctiam
455 1515 497 1526 -
517 1483 553 1544 cf.
571 1481 641 1542 Poll.
660 1481 760 1561 philol.
783 1481 873 1543 XXVI
886 1479 950 1544 299
970 1515 1023 1563 ——,
1041 1485 1116 1545 item

104 1569 329 1651 indemnesque
347 1605 389 1614 -
408 1591 434 1632 v.
452 1570 608 1631 Bucheleri
628 1569 760 1630 libellum
782 1569 974 1631 utilissimum
998 1573 1050 1648 qui
1069 1575 1115 1632 in·

105 1659 246 1721 scribitur
265 1656 441 1721 ‘Grundriss
465 1659 518 1720 der
536 1658 729 1719 lateinischen
748 1653 946 1719 Declinaticn'
964 1677 992 1738 p.
1008 1655 1049 1720 32
1071 1693 1115 1704 -

105 1749 183 1828 quod
212 1751 323 1828 septies
349 1750 473 1809 mutarit
499 1749 531 1807 in
557 1744 767 1825 somnoque
788 1779 841 1827 -,
870 1765 966 1825 neque
989 1746 1116 1808 meliore

105 1839 170 1896 iure
193 1832 312 1914 fulgere
338 1844 368 1896 et
393 1854 468 1914 quae
491 1834 526 1895 ab
550 1854 585 1895 eo
608 1835 753 1895 infinitivo
781 1834 930 1895 ducuntur
956 1835 1117 1917 damnarit,

104 1941 129 1982 v.
153 1921 224 1982 Poll.
247 1923 265 1983 l.
289 1942 313 1983 c.
340 1942 368 2001 p.
392 1919 458 1984 295
472 1941 515 2000 sq.
561 1923 658 1983 Minus
685 1925 832 2001 putaverit
858 1925 925 2002 quis
949 1925 1116 2002 suspicioni

105 2008 231 2068 obnoxia
249 2010 348 2069 futura
371 2010 462 2070 luisse
485 2027 559 2070 nora
577 2010 627 2070 illa
645 2010 734 2070 verba
752 2009 860 2090 quibus
878 2009 1034 2072 Lucretius
1052 2031 1115 2073 non

104 2099 207 2175 paucis
226 2099 271 2157 uti
290 2114 378 2156 ausus
398 2103 451 2156 est
487 2114 556 2157 nam
579 2099 643 2176 ipsc
665 2099 814 2176 praefatus
838 2105 901 2158 erat
918 2098 1010 2159 multa
1028 2103 1115 2161 noris

104 2184 203 2245 verbis
227 2183 285 2244 sihi
307 2184 457 2262 agendum.
475 2202 550 2245 esse.
587 2186 639 2245 sed
660 2203 697 2246 ne
716 2188 747 2245 in
769 2185 817 2246 his
840 2187 959 2265 quidem
982 2187 1115 2249 editores

107 2274 203 2332 omnia
226 2274 338 2350 pariter
360 2271 499 2332 tulerunt.
545 2291 605 2333 non
631 2280 783 2334 tentarunt
804 2271 959 2353 differitas
980 2274 1017 2335 iv
1037 2273 1115 2359 619,

102 2356 254 2438 pestilitas
280 2357 440 2441 vr1089,
469 2356 553 2421 1123
586 2368 615 2421 et
647 2361 703 2421 alia
733 2361 886 2443 nonnulla,
918 2381 992 2442 quae
1022 2362 1115 2425 latina

104 2466 164 2508 non
187 2455 269 2528 sunt,
293 2445 439 2524 iambos,
468 2448 545 2527 qnod
568 2445 665 2510 1454
687 2456 734 2510 est
755 2452 787 2510 in
810 2450 971 2532 codicibus,
993 2450 1114 2513 damna-

103 2542 218 2616 verunt,
237 2535 315 2614 quod
331 2535 454 2596 latinum
468 2555 528 2596 non
542 2544 629 2596 esset.
663 2544 804 2598 ettamen
818 2540 946 2616 graviter
959 2549 1115 2618 peccasset

104 2621 269 2703 Lucretius
292 2626 319 2684 si
337 2623 377 2705 td,
400 2624 478 2702 quod
497 2626 562 2685 eius
581 2625 659 2703 quod
677 2627 765 2687 inane
783 2633 904 2686 vocatur
922 2628 1115 2688 coniunctum

104 2717 163 2791 est,
186 2719 216 2771 et
242 2710 287 2792 id,
314 2712 393 2790 quod
421 2714 555 2791 corporis
578 2730 733 2774 commune
761 2720 807 2774 est
834 2717 1037 2796 coniunctum,
1063 2715 1114 2776 hic

104 2796 221 2858 silentio
257 2801 457 2877 praeterisset.
512 2806 644 2878 poteram
681 2801 728 2860 his
764 2800 820 2862 alia
851 2801 988 2862 licentiae
1019 2801 1114 2863 Lach-

103 2888 276 2946 mannianae
299 2888 331 2947 in
354 2886 552 2966 singularibus
575 2887 748 2948 damnandis
793 2892 955 2967 grassantis
978 2891 1114 2970 exempla

103 2974 225 3055 addere,
252 2974 305 3034 sed
333 2977 404 3035 satis
432 2977 489 3035 erit
515 2974 630 3054 reliqua
654 2994 708 3036 suo
732 2978 858 3055 quicque
881 2977 945 3038 loco
968 2980 1114 3057 tetigisse.

191 3061 258 3122 Dixi
286 3080 374 3141 supra
402 3062 439 3122 de
467 3081 569 3123 eorum
598 3081 713 3144 errore,
741 3067 793 3142 qui
814 3083 934 3126 carmen
960 3065 1114 3127 Lucretia-

102 3167 174 3209 num
210 3149 345 3210 versibus
381 3149 416 3210 ab
448 3149 618 3211 hominibus
649 3151 696 3212 vel
731 3152 924 3213 irridentibus
956 3153 1002 3215 vel
1036 3154 1113 3216 male

102 3235 214 3296 sedulis
242 3238 319 3297 lictis
347 3241 577 3299 contaminatum
604 3239 714 3301 volunt.
760 3242 916 3322 cointio,
939 3242 1116 3323 quod‚nisi

101 3324 177 3384 forte
196 3321 308 3406 v993,
331 3343 399 3386 nam
421 3325 465 3386 ibi
486 3345 536 3387 res
558 3328 590 3386 in
613 3326 702 3388 dubio
726 3334 780 3409 est,
805 3347 951 3409 nusquam
974 3333 1114 3412 occurrit,

101 3411 175 3472 illud
199 3415 380 3473 contrarium
404 3421 459 3495 cst,
481 3414 561 3494 quod
585 3421 635 3475 aut
657 3418 801 3495 temporis
820 3419 928 3479 iniuria
947 3420 1114 3497 scripturae

100 3507 216 3578 partem
251 3499 376 3562 delentis
409 3510 459 3563 aut
489 3500 675 3581 neglegentia
704 3503 814 3564 facturn
842 3512 888 3566 cst
914 3505 1113 3569 librariorum.
