2438 3998
448 195 730 253 PROLEGOMENA.
977 197 1096 253 XXXIII

77 352 115 407 et
133 362 196 405 non
214 344 476 405 assimilationibus
494 343 668 425 plerumque
688 352 806 406 secutus
828 364 902 406 sum.
943 346 973 406 id
996 354 1095 407 tamen

79 433 162 495 mihi
186 432 345 494 ridendum
368 435 547 514 existimavi,
574 453 614 494 ne
637 451 755 515 eorum,
783 437 834 513 qui
856 433 963 494 lecturi
986 443 1095 516 essent,

80 540 157 603 pars
189 520 274 582 facile
305 523 412 602 maior,
441 539 544 582 omnes
576 521 726 604 videlicet,
755 525 819 603 qui,
849 541 917 583 cum
949 525 1095 584 sermonis

80 610 172 672 latini
190 611 262 670 satis
277 611 368 688 periti
386 617 494 690 essent,
512 618 611 670 tamen
629 629 689 671 non
702 613 734 671 in
748 611 979 672 accuratioribus
993 629 1095 672 rerum

82 700 343 778 grammaticarum
362 697 469 758 studiis
482 706 679 779 versarentur,
693 701 781 759 nimis
794 699 922 759 insolitis
936 698 1094 761 verborum

81 788 192 847 formis
210 786 462 864 perturbarentur.
503 789 602 866 itaque
621 787 703 847 nolui
727 787 857 848 scribere
879 783 1017 850 lucunas
1039 806 1094 868 pro

82 871 226 949 mnis,
257 870 515 953 repraeteodcre,
549 875 626 954 quod
654 878 742 936 etiam
768 874 946 955 Bernaysius
974 878 1095 959 sprevit,

80 960 217 1025 vcrrstco
243 961 363 1043 similia,
395 980 463 1023 cum
491 981 525 1024 ex
554 963 771 1024 recentioribus
799 963 962 1024 editoribus
988 963 1094 1025 Munro
1175 1002 1177 1007 .

82 1070 123 1112 ne
138 1050 212 1111 illud
225 1065 339 1113 occure
349 1051 476 1131 quidem,
491 1051 569 1130 qupd
582 1070 636 1130 pro
650 1060 765 1115 dacore
778 1054 920 1130 scriptum
933 1051 1093 1112 Leidenses

82 1139 155 1220 plus
174 1139 265 1200 semel
284 1138 431 1219 exhibent,
450 1142 669 1220 contempserit,
688 1143 773 1218 quasi
791 1139 932 1201 credibile
951 1142 991 1199 sit
1005 1158 1093 1201 aurea

85 1231 235 1290 sermonis
257 1227 341 1288 latini
363 1233 457 1287 aetate
478 1228 613 1287 homines
631 1228 661 1288 id
682 1231 786 1308 egisse,
808 1236 842 1289 ut
858 1227 908 1288 illa
927 1228 985 1290 duo
1004 1228 1094 1289 verba

83 1335 175 1396 quam
199 1315 335 1376 facillime
355 1318 434 1376 inter
452 1334 484 1375 se
503 1316 643 1377 conlundi
661 1324 790 1395 possent.
827 1317 933 1395 quodsi
951 1319 1010 1377 iam
1028 1317 1094 1378 fieri

83 1407 181 1485 possit
203 1411 236 1464 ut
259 1422 295 1465 ex
318 1403 403 1464 libris
425 1405 497 1463 noni
520 1403 566 1464 vel
589 1405 696 1465 decimi
717 1425 745 1484 p.
765 1405 832 1466 Chr.
850 1424 879 1465 n.
899 1405 1010 1467 saeculi
1028 1424 1094 1466 eam

85 1491 237 1554 scribendi
260 1491 513 1572 consuetudinem,
537 1511 611 1572 quae
635 1496 731 1572 quarti
751 1493 797 1553 vel
815 1496 912 1572 quinti
929 1495 994 1574 fuit,
1017 1497 1093 1555 reci-

82 1583 209 1661 piamus,
233 1598 338 1640 vereor
360 1587 394 1640 ut
415 1581 540 1642 moritum
563 1580 639 1641 lucri
661 1582 729 1641 inde
752 1580 837 1641 nobis
860 1580 895 1640 ad
914 1583 1094 1658 optimorum

82 1668 240 1729 latinitatis
272 1675 426 1730 auctorum
457 1669 549 1729 libros
582 1669 789 1748 perpoliendos
816 1667 969 1729 redundet.
1021 1670 1091 1747 qnid

82 1754 187 1818 enim?
220 1759 247 1817 si
264 1757 381 1818 efficere
400 1777 554 1837 possemus
573 1766 606 1818 ut
619 1757 775 1817 Lucretius
793 1775 809 1815 a
827 1755 914 1816 nobis
933 1773 1093 1834 expressus

81 1848 125 1905 ita
147 1845 329 1926 loqueretur,
351 1852 385 1905 ut
406 1847 552 1907 Ammiani
569 1845 732 1906 Marcellini
754 1852 847 1905 aetate
870 1843 1005 1904 homines
1028 1843 1092 1905 Itali

81 1933 175 1993 locuti
202 1941 287 2013 sunt,
318 1952 416 1994 nonne
443 1935 569 2013 plurima
596 1934 672 2013 apud
701 1951 768 1994 eum
795 1939 943 2014 extarent,
972 1951 1047 2011 quae
1075 1951 1092 1992 a

81 2020 238 2082 Ciceronis
268 2021 382 2100 aequali
409 2025 519 2101 scripta
546 2041 611 2084 esse
638 2021 719 2082 nullo
746 2021 833 2081 modo
860 2027 962 2100 posset
989 2018 1092 2082 credi?

81 2127 145 2170 uno
164 2110 299 2188 exemplo
323 2110 474 2188 defungar.
519 2113 551 2170 in
574 2110 591 2170 l.
614 2111 652 2170 lV
673 2129 698 2170 v.
720 2107 804 2172 1186
827 2109 1031 2170 Lachmannus
1055 2127 1091 2169 ex

81 2197 228 2258 librorum
238 2197 318 2258 Loid.
333 2198 442 2259 litteris
462 2218 535 2277 quae
555 2207 624 2259 sunt
634 2196 816 2278 postcoeoc'o
833 2200 908 2258 mira
921 2200 1091 2258 coniectura

81 2288 254 2365 perspicere
287 2285 345 2346 sibi
376 2289 456 2347 visus
485 2294 529 2347 est
556 2289 588 2346 in
615 2287 786 2367 archetypo,
816 2293 972 2364 antequam
999 2288 1091 2346 corri-

80 2381 213 2455 geretur,
232 2375 324 2435 fuisse
336 2373 512 2454 poscaenia.
554 2374 641 2455 quod,
658 2383 692 2435 ut
715 2375 757 2435 ibi
779 2376 877 2454 luerit,
899 2373 980 2433 nullo
1002 2372 1090 2432 modo

79 2481 99 2522 a
127 2461 248 2523 Lucreti
275 2481 363 2523 manu
390 2465 522 2542 potuisse
547 2464 697 2541 proficisci
724 2470 849 2523 testatur
871 2462 1091 2542 Mommsenius,

80 2568 152 2610 cum
175 2553 207 2611 in
226 2551 372 2629 ephemer.
392 2554 483 2629 epigr.
502 2550 515 2610 l
538 2570 567 2629 p.
587 2550 628 2614 78
652 2551 757 2612 scribit
780 2547 848 2630 ‘pos
871 2549 949 2628 quod
973 2557 1018 2610 est
1035 2568 1090 2629 pro

27 2661 30 2666 ·
74 2640 152 2720 post
172 2647 314 2717 sequente
338 2638 434 2699 denuo
457 2638 555 2699 littera
578 2640 592 2700 t
612 2639 770 2718 diplomata
793 2639 829 2699 ad
847 2637 978 2698 blancum
995 2656 1090 2716 usqne

79 2723 243 2805 ignorant'.
277 2728 336 2786 iam
354 2744 424 2786 vero
442 2727 497 2787 hac
516 2730 670 2788 occasione
690 2726 784 2788 oblata
802 2727 858 2786 hoo
876 2744 997 2786 monere
1015 2725 1091 2806 volo,

79 2813 160 2894 quod
187 2822 287 2875 tamen
314 2817 429 2875 moneri
455 2817 504 2875 vix
532 2834 605 2894 opus
628 2817 730 2896 fuerit,
759 2817 927 2893 quicunque
949 2813 1091 2892 philologi

78 2921 165 2963 more
197 2902 233 2963 ad
261 2902 357 2963 studia
384 2902 559 2964 Lucretiana
587 2923 619 2964 se
648 2903 717 2964 dare
744 2902 883 2982 voluerit,
910 2901 1089 2962 Lachmanni
1141 2944 1144 2950 -

78 2993 307 3072 commentario,
331 2991 408 3070 quod
437 3010 510 3071 opus
536 2992 572 3052 ad
596 3010 681 3052 omne
704 2993 836 3052 futurum
863 2997 981 3069 tempus
1007 3008 1089 3051 man-

78 3097 185 3140 surum
212 3097 385 3158 persuasum
412 3079 519 3161 habeo,
542 3081 622 3141 nullo
649 3080 736 3140 modo
764 3097 851 3158 posse
875 3097 984 3139 carere.
1031 3096 1089 3157 quo

77 3169 180 3228 minus
203 3175 267 3228 erat
289 3187 343 3229 cur
365 3167 411 3228 vel
434 3171 465 3228 in
488 3171 617 3229 minimis
641 3187 689 3228 eas
708 3167 865 3229 verborum
884 3169 993 3228 formas
1015 3186 1090 3246 quae

76 3258 112 3316 in
133 3253 330 3317 Leidensibus
353 3265 517 3318 cernuntur
538 3256 586 3316 hic
609 3275 764 3317 servarem.

169 3344 273 3405 Restat
303 3353 337 3405 ut
367 3347 399 3405 in
429 3364 569 3406 versuum
599 3345 849 3407 numerandorum
877 3347 990 3405 ratione
1018 3342 1088 3421 qnid

76 3441 202 3494 secutus
233 3435 290 3493 sim
322 3433 425 3494 dicam.
476 3436 508 3493 in
537 3453 592 3513 qua
619 3452 652 3494 re
679 3434 709 3495 id
737 3435 810 3494 mihi
838 3433 894 3494 fuit
920 3431 1089 3509 tenendum,

77 3527 114 3580 ut
141 3539 348 3601 quemcunque
375 3521 473 3582 locum
501 3525 566 3601 quis
595 3541 661 3583 curn
687 3525 820 3583 numeris
842 3519 1089 3581 Lachmannianis

132 3629 278 3673 duorumve.
292 3631 326 3672 ed.
340 3631 468 3681 Brieger.
858 3635 874 3674 ο
