2438 3998
440 221 722 279 PROLEGOMENA.
1049 222 1086 277 XI

71 388 151 449 quae
181 376 251 430 suut
277 372 310 430 in
337 369 480 448 epistulae
508 370 545 430 ad
571 369 678 430 Herod.
702 389 764 449 par.
786 367 844 451 43,
876 388 951 449 quae
979 370 1085 430 deinde

70 457 229 519 emendavi
269 459 301 518 in
342 457 441 518 libello
484 457 657 518 scholastico
698 458 779 518 llalis
821 477 845 518 a.
884 454 970 521 1884
1007 457 1085 518 edito

70 565 100 624 p.
118 543 159 608 16
174 551 233 605 not.
257 544 376 606 libellus
398 543 585 606 inscribitur:
608 545 661 606 Die
684 546 888 624 Urbewegung
911 546 964 606 der
981 547 1085 605 Atome

70 633 123 694 bei
136 633 267 713 Leucipp
282 634 343 694 und
354 633 514 694 liemokrit.
533 636 565 693 in
580 634 701 694 alterius
715 634 783 694 libri
797 654 823 694 v.
836 632 1085 712 718Bernaysius

70 729 190 802 peccat,
231 740 299 782 cum
340 722 444 782 scribit
488 719 593 784 eudem
632 719 714 783 ratio
754 719 951 784 disterminat
988 738 1084 801 omne,

70 812 214 889 ignorans
246 828 321 888 quae
355 812 394 870 sit
420 809 542 888 Epicuri
574 809 610 869 de
638 809 816 870 mundorum
844 820 873 870 et
896 808 1084 869 multitudine

71 904 103 958 ot
126 898 298 958 diversitate
321 898 464 958 doctrina.
506 904 638 957 ceterum
661 900 692 956 in
720 897 822 957 eadem
844 915 916 957 voce
939 900 998 957 iam
1016 904 1084 957 ante

71 988 193 1065 erravit,
216 987 248 1046 in
271 984 321 1045 l.1
340 1004 365 1045 v.
386 981 471 1048 1092
495 1002 583 1047 omne
605 987 683 1045 inter
705 985 780 1045 caeli
802 993 958 1063 terraeque
982 986 1083 1044 ruinas

73 1070 107 1127 in
126 1071 213 1128 inane
232 1069 411 1147 profundum
430 1070 511 1130 abire
531 1071 641 1151 dicens,
661 1073 745 1150 quasi
759 1071 788 1131 id
803 1073 900 1150 ipsum
914 1073 1001 1130 inane
1015 1089 1083 1148 pro-

73 1155 200 1216 fundum
218 1174 277 1216 non
297 1159 361 1217 eius
381 1158 459 1236 quod
478 1176 565 1218 omne
584 1166 630 1218 est
648 1177 716 1235 pars
733 1160 779 1218 sit.
817 1176 912 1236 neque
932 1159 1031 1216 minus
1050 1177 1082 1217 re

72 1260 181 1320 parum
194 1252 349 1322 perspecta
364 1263 465 1305 errore
480 1245 555 1324 lapsi
569 1246 594 1304 ll
608 1265 633 1305 v.
644 1243 708 1307 381
724 1244 826 1307 ocimi
839 1243 959 1306 rutioue
968 1250 1081 1304 mutare

75 1327 140 1386 ausi
152 1331 222 1384 sunt
230 1322 435 1385 Lachmanuus
445 1325 623 1404 Rornaysius
633 1325 750 1386 llunro:
765 1325 844 1404 quod
853 1323 955 1386 ocimi
967 1323 1087 1386 ratione

73 1413 265 1473 verissimum
293 1420 352 1473 est:
380 1431 448 1472 nam
476 1431 535 1472 uon
557 1421 682 1492 possunt
706 1413 782 1473 oculi
805 1420 940 1474 naturam
962 1431 1085 1473 noscere

75 1517 193 1581 rerum,
220 1502 313 1561 animi
343 1503 418 1561 ratio
441 1507 552 1580 potest,
576 1501 611 1560 cl.
635 1500 671 1560 lV
690 1499 873 1564 362-369.
903 1508 1087 1579 -praeter

74 1587 107 1647 id
145 1594 233 1667 caput
265 1588 343 1667 quod
375 1596 421 1648 est
453 1587 489 1648 de
522 1596 685 1649 atomorum
718 1596 813 1669 motu,
844 1589 920 1649 haud
955 1591 1016 1648 scio
1049 1606 1086 1647 an

74 1675 241 1757 plerisque,
273 1678 325 1754 qui
355 1674 526 1736 Lucretium
559 1676 716 1735 emendare
749 1675 940 1754 studuerunt,
972 1673 1086 1734 nullum

76 1762 233 1824 obscurius
265 1763 368 1844 luerit,
401 1782 487 1841 quam
520 1763 592 1824 illud
626 1763 703 1841 quod
731 1762 767 1823 de
795 1765 886 1822 animi
913 1764 1085 1839 animaeque

74 1858 182 1911 natura
209 1859 266 1912 est:
295 1850 331 1912 de
362 1869 420 1930 quo
448 1870 495 1912 me
525 1852 590 1912 data
615 1869 703 1930 opera
727 1851 892 1929 disputasse
916 1852 974 1910 iam
998 1868 1086 1928 supra

75 1939 172 2000 docui.
217 1957 304 2019 quam
328 1939 556 2018 disputationem
579 1941 632 2018 qui
654 1939 772 2019 legerit,
795 1937 880 1999 lacile
904 1941 948 1998 eis
971 1940 1086 1998 veniam

75 2027 172 2108 dabit,
208 2030 259 2107 qui
296 2035 346 2088 aut
383 2030 477 2089 secuti
512 2026 656 2088 librorum
694 2030 896 2088 auctoritatem
935 2034 985 2087 aut
1021 2044 1085 2087 eam

76 2123 252 2194 spernentes
271 2113 413 2177 unimam
430 2134 485 2194 pro
504 2114 617 2191 animo,
637 2113 778 2177 ocimum
795 2134 849 2194 pro
869 2113 980 2176 auimo
993 2116 1085 2193 scrip·

76 2211 195 2282 serunt,
218 2204 297 2283 quod
321 2223 337 2264 a
360 2221 420 2264 non
442 2207 545 2282 paucis
567 2205 675 2264 lactum
700 2212 745 2263 est
768 2204 815 2263 bis
837 2203 914 2263 llll
937 2202 1086 2262 versibus:

74 2287 129 2352 43.
149 2288 222 2353 237.
243 2288 316 2353 309.
336 2289 409 2372 678,
428 2293 558 2370 itemque
577 2291 595 2350 l.
614 2286 715 2353 7525
735 2299 765 2351 et
779 2287 852 2369 528,
871 2291 907 2350 de
927 2309 984 2369 qua
1002 2308 1035 2349 re
1054 2292 1086 2349 in

75 2380 237 2440 lectionum
248 2387 417 2460 conspectu,
428 2398 515 2458 quem
526 2379 678 2460 subiciam,
689 2377 1085 2458 qnantumopuseritdicam.

75 2468 114 2527 de
129 2470 236 2528 ceteris
251 2467 287 2527 ad
301 2468 358 2528 hoc
365 2485 458 2545 genus
468 2467 686 2546 pertinentibus
696 2466 740 2527 vel
752 2466 788 2526 de
798 2485 832 2526 ea
843 2483 930 2544 quam
940 2467 1084 2542 attingere

75 2557 173 2615 visum
193 2562 238 2616 est
255 2562 338 2634 parte
358 2573 462 2615 eorum
481 2558 539 2615 iam
558 2555 721 2616 secuudum
739 2553 884 2614 librorum
902 2562 933 2612 et
946 2571 1085 2614 versuum

75 2643 212 2703 ordinem
232 2643 393 2703 dicam—
409 2640 600 2705 l.111v.284
618 2661 677 2703 non
697 2642 884 2702 offenderunt
902 2643 934 2700 in
953 2660 988 2701 eo
1008 2641 1086 2719 quod

75 2739 122 2791 est
153 2726 240 2812 oiim
272 2749 298 2791 v.
328 2728 393 2793 289
425 2729 560 2809 probavit
590 2731 793 2791 Lachmanuus
824 2732 952 2810 primus,
984 2731 1085 2788 nescio

74 2837 134 2898 qua
154 2818 316 2897 elegantiae
335 2820 434 2898 speeie
449 2819 598 2899 deceptus,
612 2818 684 2879 illud
698 2817 833 2878 Lambini
847 2814 942 2878 oculis
956 2814 1085 2892 caribnae,

74 2925 145 2967 cum
177 2909 209 2966 iu
240 2905 325 2967 libris
353 2909 392 2966 sit
419 2905 536 2968 ouius:
569 2907 646 2985 quod
674 2914 832 2984 utrumque
861 2905 990 2965 declarat
1018 2922 1086 2965 eum

73 3012 136 3055 non
149 2996 347 3074 perspexisse,
362 2995 433 3072 quid
446 2994 603 3056 Lucretius
618 2995 746 3074 doceret,
761 2994 796 3054 cl.
811 2993 910 3072 philol.
921 2992 1023 3052 XXVII
1034 2990 1085 3054 36.

76 3120 120 3130 -
150 3087 168 3148 l.
190 3087 227 3147 IV
245 3107 271 3148 v.
292 3083 354 3147 795
378 3084 582 3147 Laebmaunus
609 3089 735 3146 traicere
758 3085 861 3145 maluit
883 3092 950 3163 post
974 3102 998 3143 v.
1020 3080 1083 3145 782

76 3194 167 3254 quam
191 3194 245 3236 suo
267 3175 332 3236 loco
355 3174 464 3235 leniter
482 3181 647 3234 correctum
667 3175 811 3233 retinere:
835 3173 941 3252 quodsi
959 3179 1084 3252 teneret,

74 3287 150 3346 quae
173 3266 320 3347 Epicurus
349 3266 385 3326 de
408 3263 544 3325 sensibili
565 3272 697 3342 tempore
722 3259 895 3346 (αἰσθητὸς
917 3264 945 3321 ei
967 3261 1086 3344 χρόνος

73 3351 135 3440 est)
169 3356 283 3436 docuit,
318 3355 504 3432 retinuisset,
538 3370 605 3412 eum
633 3352 807 3430 praesertim
835 3349 936 3410 videre
965 3350 1086 3410 deberet

73 3445 173 3505 medio
210 3461 299 3504 versu
336 3440 451 3502 sublato
487 3439 640 3500 rationalia
677 3445 810 3518 tempora
842 3440 942 3517 inepte
976 3439 1085 3516 opponi

74 3535 211 3612 tempori.
266 3530 284 3592 l.
311 3530 335 3589 V
361 3526 427 3590 419
460 3547 503 3607 sq.
536 3528 608 3588 dicit
639 3526 795 3587 Lucretius
828 3532 908 3586 certa
942 3524 1085 3602 quaedam
