2438 3998
137 192 212 264 '104
628 196 673 255 <IV

218 345 337 407 aeribus
358 345 437 405 binis
460 347 599 424 quoniam
621 363 670 405 res
693 345 783 410 confit
807 353 940 424 utraque.

146 451 199 500 275
218 451 297 495 nunc
322 451 356 494 ea
379 451 452 512 quae
475 432 561 493 nobis
583 432 785 494 mcmbromm
807 433 927 495 dextera
949 451 1018 512 pars
1041 439 1099 513 est,

146 538 204 592 291
218 524 249 582 in
273 520 401 600 speculis
423 522 457 581 dt
479 527 512 581 ut
533 523 566 581 in
587 520 668 583 laeva
690 521 825 582 videatur
847 539 881 582 eo
905 520 983 601 quod

217 609 369 689 planitiem
392 609 428 670 ad
451 608 565 688 speculi
586 611 706 671 veniens
729 627 797 671 cnm
820 609 942 671 offendit
963 612 1073 691 imago,

218 715 279 759 non
300 699 481 758 convertitur
503 696 673 777 incolumis,
696 697 748 758 sed
770 705 851 759 recta
874 704 1038 758 retrorsum
1113 719 1154 759 sos

220 788 263 847 sic
286 786 418 866 eliditur,
440 792 474 845 ut
496 787 604 867 siquis,
625 788 708 865 prius
732 785 812 848 arida
836 804 924 866 quam
947 787 986 846 sit

148 891 201 940 280
220 881 317 935 cretea
339 891 479 954 persona,
501 873 609 935 adlidat
622 873 742 953 pilaeve
764 874 890 955 trabive,
928 934 930 939 ⁴

148 969 306 1041 296atque
329 980 364 1023 ea
386 964 525 1023 continuo
548 970 660 1024 rectam
682 965 709 1024 si
731 963 807 1023 forte
829 964 953 1042 liguram

220 1057 318 1112 servet
340 1057 370 1112 et
392 1050 494 1113 elisam
517 1057 597 1111 retro
621 1069 687 1111 sese
710 1053 856 1130 exprimat
877 1053 949 1130 ipsa.
1113 1072 1154 1112 eac

220 1139 271 1199 fiet
292 1142 346 1219 ita,
369 1145 437 1199 ante
460 1138 562 1200 oculus
585 1139 675 1200 luerit
697 1140 748 1218 qui
771 1139 886 1220 dexter,
909 1146 943 1200 ut
963 1139 1043 1199 idem

220 1245 300 1288 nunc
322 1229 361 1287 sit
383 1226 495 1307 laevus,
518 1235 548 1292 et
570 1245 587 1287 e
609 1227 691 1288 laevo
715 1229 755 1287 sit
776 1235 878 1288 mutua
901 1226 1011 1288 dexter.
1113 1249 1154 1289 aaa

149 1333 202 1382 285
220 1316 254 1376 tit
276 1332 393 1395 quoque
416 1313 453 1375 de
476 1313 596 1394 speculo
618 1317 651 1375 in
674 1314 827 1395 speculum
846 1322 881 1376 ut
898 1314 1030 1376 tradatur
1048 1318 1154 1395 imago,

149 1421 202 1473 301
220 1405 349 1483 quinque
373 1404 462 1463 etiam
484 1420 571 1465 sexve
592 1411 626 1464 ut
647 1404 713 1464 fieri
736 1402 891 1464 simulacra
914 1406 1036 1463 suerint.

220 1509 289 1552 nam
312 1508 513 1570 quaecumque
536 1499 615 1552 retro
639 1498 722 1570 parte
745 1493 886 1552 interiore
909 1491 1054 1572 latebunt,
1098 1555 1100 1559 ,

221 1579 290 1641 inde
313 1587 424 1660 tamen,
448 1581 579 1658 quamvis
601 1587 678 1640 torte
701 1582 879 1658 penitusque
901 1586 1027 1661 remota,

221 1670 318 1729 omnia
341 1686 395 1747 per
417 1667 509 1728 flexos
532 1667 628 1729 aditus
651 1669 755 1729 educta
777 1668 879 1729 licebit
1115 1691 1156 1730 aec

151 1756 356 1837 conpluribus
379 1756 452 1816 haec
474 1755 603 1835 speculis
625 1757 779 1817 videantur
801 1758 833 1817 in
855 1756 977 1817 aedibus
1001 1774 1075 1818 esse.

149 1862 206 1914 306
219 1863 314 1924 usque
338 1844 410 1905 adeo
432 1861 449 1906 e
471 1844 590 1923 speculo
613 1846 644 1906 in
668 1844 820 1924 speculum
841 1844 1003 1906 translucet
1024 1848 1133 1926 imago,

222 1941 252 1994 et
274 1951 342 1994 cum
363 1932 444 1993 laeva
467 1931 574 2014 datast,
596 1933 630 1993 tit
651 1951 770 1994 rursum
793 1940 826 1994 ut
848 1933 968 1994 dextera
990 1933 1052 2013 liat,

222 2020 292 2082 inde
315 2026 395 2081 retro
418 2038 538 2080 rursum
559 2020 637 2082 redit
659 2029 690 2082 et
711 2023 856 2083 convertit
878 2022 989 2083 eodem.

223 2111 294 2188 quin
317 2111 405 2169 etiam
429 2126 630 2188 quaecumque
653 2109 796 2170 latuscula
819 2118 888 2171 sunt
911 2109 1098 2188 speerdorum
1116 2132 1157 2173 esa

151 2215 202 2264 aon
223 2196 349 2257 adsimili
371 2196 472 2257 lateris
494 2196 607 2258 flexura
628 2197 761 2276 praedita
782 2200 889 2279 nostri,

150 2301 203 2353 311
221 2285 341 2345 dextera
364 2291 520 2364 eapropter
541 2285 627 2346 nobis
650 2284 806 2347 simulacra
830 2288 996 2367 remittunt,

223 2381 273 2434 aut
295 2375 363 2453 quia
385 2374 422 2433 de
445 2373 565 2452 speculo
587 2375 619 2433 in
642 2372 794 2452 speculum
816 2375 993 2435 transfertur
1015 2376 1124 2454 imago,

223 2461 291 2522 inde
314 2461 350 2521 ad
373 2479 427 2522 nos
451 2461 523 2522 elisa
545 2460 592 2521 his
615 2460 741 2548 advolat,
764 2464 925 2523 autetiam
948 2462 1025 2540 quod

223 2552 334 2611 circum
358 2551 462 2629 agitur,
485 2567 553 2610 cum
576 2551 668 2629 venit,
690 2550 786 2627 imago
809 2557 965 2630 propterea
988 2550 1065 2628 quod
1117 2574 1158 2613 ero

151 2637 297 2705 conflexa
319 2638 413 2716 ligura
436 2637 522 2698 docet
544 2635 658 2715 speculi
679 2640 845 2699 convertier
868 2637 904 2699 ad
926 2656 988 2699 nos.

151 2742 206 2794 316
220 2725 377 2804 indugredi
399 2742 488 2805 porro
510 2727 622 2804 pariter
644 2725 800 2788 simulacra
822 2726 986 2806 pedemque

222 2831 333 2894 ponere
356 2812 512 2874 nobiscum
535 2812 637 2873 credas
659 2821 833 2895 gestumque
856 2817 966 2876 imitari

222 2908 379 2982 propterea
402 2903 483 2982 quia,
506 2899 542 2961 de
566 2901 678 2979 speculi
701 2920 757 2981 qua
779 2911 863 2982 parte
886 2903 1020 2984 recedas,

224 2992 363 3051 continuo
386 2995 538 3068 nequeunt
559 2988 641 3051 illinc
664 2990 820 3051 simulacra
837 2993 959 3072 reverti3
1118 3013 1159 3054 sea

153 3094 204 3144 305
223 3080 322 3139 omnia
344 3075 582 3157 quandoquidem
605 3080 683 3157 cogit
704 3086 809 3139 natura
831 3079 938 3139 referri

151 3182 259 3236 321ac
281 3164 398 3226 resilire
421 3164 457 3224 ab
480 3164 569 3225 rebus
593 3165 629 3226 ad
652 3184 761 3245 aequos
783 3166 898 3226 reddita
921 3166 1024 3228 flexus.
1149 3222 1151 3228 .

267 3247 277 3336 ll
291 3252 449 3332 Splendida
470 3271 559 3332 porro
583 3253 661 3315 oculi
683 3255 809 3333 fugitant
831 3255 981 3334 vitantque
1004 3257 1094 3321 tueri:
1120 3279 1160 3318 eoo

224 3341 269 3402 sol
291 3343 380 3402 etiam
403 3348 516 3423 caecat,
539 3349 641 3402 contra
664 3344 690 3403 si
712 3342 834 3403 tendere
856 3361 976 3423 pergas,
1120 3367 1160 3407 eoo

223 3435 380 3510 pmpterea
403 3431 472 3509 quia
494 3431 538 3490 vis
561 3437 694 3509 magnast
716 3431 824 3511 ipsius,
848 3437 878 3508 et
900 3431 957 3491 alte

154 3537 206 3587 810
226 3523 293 3581 aera
315 3535 370 3597 per
392 3536 499 3607 purum
523 3519 651 3598 graviter
674 3516 831 3580 simulacra
853 3519 990 3580 femntur
