2438 3998
562 234 588 288 V
1010 234 1075 297 145

73 398 127 449 000
143 398 321 441 0000000000
343 379 482 459 paulatim
506 387 537 440 et
558 380 730 441 decrescere
752 381 868 459 pondus
1035 401 1075 444 su

74 478 130 529 030
147 471 296 550 convenit,
319 475 406 547 atque
429 467 516 528 aliam
539 475 674 529 naturam
697 477 799 548 supter
821 469 929 530 hahere

146 577 181 619 ex
206 561 327 619 ineunte
351 575 420 617 aevo
444 558 630 617 coniunctam
653 563 740 635 atque
762 559 862 618 uniter
884 566 981 636 aptam

145 646 279 725 partibus
302 647 391 705 aeriis
414 644 530 725 mundi,
554 644 661 723 quibus
684 647 773 706 insita
795 647 874 706 vivit.

146 743 302 814 propterea
324 751 384 792 non
406 739 452 793 est
475 735 560 794 oneri
582 750 678 812 neque
701 732 841 811 deprimit
863 752 949 794 auras

75 839 127 890 000
146 833 179 885 01
202 841 254 883 000
276 824 383 900 001000
405 821 519 881 homini
541 820 622 881 nullo
645 827 714 881 sunt
731 821 862 899 pondere
880 822 1020 903 membra,
1034 844 1075 886 mo

75 920 203 971 011000
225 918 313 989 caput
335 918 381 970 est
403 911 486 970 oneri
509 908 597 990 collo,
620 927 675 969 nec
697 909 825 988 deniqne
848 918 942 970 totum

147 1001 279 1078 corporis
296 1001 333 1058 >in
356 997 481 1076 pedihus
503 998 619 1077 pondus
643 1000 785 1058 sentimus
807 1001 918 1058 inesse:

146 1095 175 1148 at
198 1105 399 1165 quaecumque
422 1086 494 1146 ioris
517 1088 639 1146 veniunt
661 1089 835 1165 inpostaque
857 1085 943 1146 nohis

146 1176 276 1255 pondera
290 1172 368 1235 ‘sunt
390 1174 521 1254 laedunt,
544 1173 690 1253 permulto
714 1192 801 1252 saepe
823 1176 945 1235 minora.

75 1281 128 1331 010
147 1283 242 1342 00000
265 1262 337 1323 adeo
359 1265 458 1341 magni
480 1262 573 1323 refert
595 1262 665 1341 quid
689 1280 821 1342 quaeque
845 1268 932 1342 queat
955 1280 1012 1322 res.
1035 1285 1075 1326 000

76 1361 130 1412 046
149 1355 193 1412 010
216 1354 307 1430 igitur
329 1350 418 1411 tellus
440 1368 500 1410 non
523 1358 569 1410 est
591 1350 685 1411 aliena
708 1359 829 1429 repente

147 1439 231 1501 allata
253 1447 341 1517 atque
363 1440 444 1498 auris
467 1438 584 1499 aliunde
608 1439 720 1500 obiecta
747 1438 865 1519 alienis,

84 1566 86 1570 ,
148 1528 199 1589 sed
222 1530 334 1606 pariter
355 1529 451 1605 prima
474 1534 614 1606 concepta
637 1526 673 1587 ah
696 1529 810 1606 origine
832 1527 936 1587 mundi

83 1673 86 1685 Δ
149 1623 286 1693 certaque
309 1633 378 1693 pars
401 1617 478 1694 eius,
502 1618 585 1693 quasi
607 1615 693 1675 nobis
714 1615 859 1695 membra,
882 1615 1006 1676 videtur.

76 1723 128 1773 515
146 1712 298 1784 praeterea
322 1703 426 1781 grandi
447 1705 560 1764 tonitru
582 1721 725 1765 concussa
747 1712 868 1782 repente
925 1746 928 1752 -
1036 1725 1076 1766 000

76 1802 128 1853 001
149 1800 226 1853 terra
251 1810 339 1870 supra
355 1793 437 1869 'quae
461 1809 493 1852 se
516 1799 586 1852 sunt
607 1794 738 1852 concutit
759 1794 856 1853 omnia
880 1800 974 1873 motu3

147 1880 225 1959 quod
248 1881 344 1940 100000
366 1880 438 1940 haut
459 1879 519 1940 nlla
540 1887 641 1958 posset
664 1882 790 1960 ratione,
812 1882 871 1940 nisi
893 1888 972 1941 esset

84 2019 87 2025 .
146 1967 280 2048 partibus
303 1970 392 2028 000110
414 1967 518 2028 mundi
540 1967 679 2046 caeloque
701 1970 844 2028 revincta:

147 2075 215 2118 narn
238 2056 443 2116 communibus
465 2058 544 2118 iuter
566 2074 598 2116 00
621 2055 770 2116 radicibus
794 2056 917 2117 haerent

77 2161 129 2211 000
148 2164 184 2206 ex
206 2147 327 2205 ineunte
350 2162 419 2204 aevo
442 2147 598 2205 coniuncta
621 2150 707 2222 atque
730 2146 829 2204 uniter
851 2152 926 2223 apta.
1035 2167 1076 2209 000

76 2241 132 2293 000
147 2251 245 2293 00000
267 2232 349 2293 vides
372 2235 460 2293 etiam
483 2250 570 2311 quam
592 2250 697 2310 magno
720 2232 850 2311 pondere
873 2233 958 2294 nobis

148 2323 292 2381 sustineat
314 2338 421 2398 corpus
443 2321 616 2381 tenuissima
638 2323 683 2380 ris
706 2322 814 2380 animai

147 2416 304 2488 propterea
327 2411 395 2486 quia
417 2415 478 2469 tam
500 2410 656 2469 coniuncta
678 2416 764 2487 atque
787 2411 887 2469 uniter
909 2407 1025 2490 aptast?

81 2542 84 2552 .
148 2497 275 2575 deniqne
298 2498 356 2556 iam
379 2495 456 2556 saltu
478 2498 593 2574 pernici
615 2496 719 2557 1011000
742 2515 851 2575 corpus

76 2601 129 2651 000
148 2585 218 2664 quid
232 2586 310 2665 potis
320 2586 487 2645 0010101010
497 2587 619 2666 animae,
633 2602 707 2664 quae
718 2584 850 2645 membra
859 2581 1023 2662 gubernat?
1037 2607 1077 2647 000

76 2681 131 2733 061
148 2677 244 2733 iamne
266 2672 349 2732 vides
373 2680 514 2751 quantum
535 2675 633 2734 tenuis
655 2679 760 2733 natura
782 2672 878 2733 valere

147 2763 254 2842 possit,
276 2760 357 2821 ubist
379 2762 534 2822 coniuncta
556 2763 638 2840 gravi
660 2779 728 2821 cum
750 2779 886 2841 corpore,
908 2769 942 2822 nt
964 2765 1015 2821 000

147 2851 321 2910 0001000100
344 2851 433 2909 100010
456 2855 486 2909 01
508 2847 593 2909 nobis
618 2856 664 2909 est
686 2851 799 2909 animae
822 2845 888 2910 vis?

190 2937 318 2998 Motibus
341 2944 488 2998 astrorum
510 2954 588 2997 nnnc
611 2955 685 3015 quae
708 2939 747 2997 sit
770 2955 857 2997 causa
880 2957 1026 2999 canamus.

75 3042 128 3092 030
146 3027 292 3104 principio
315 3043 439 3104 magnus
463 3024 537 3085 caeli
559 3027 586 3085 si
608 3027 735 3086 vortitur
757 3025 851 3105 orbis,
1038 3049 1078 3089 mo

75 3122 128 3173 011
148 3131 184 3173 ex
207 3121 332 3193 utraque
354 3113 455 3193 polum
476 3115 554 3192 parti
575 3131 711 3192 premere
735 3117 802 3173 aera
825 3111 910 3172 nobis

81 3244 85 3252 -
147 3201 333 3263 dicendumst
354 3197 495 3279 extraque
520 3208 622 3261 tenere
645 3208 676 3262 01
698 3200 833 3262 claudere
856 3203 1018 3283 utrimque3

146 3290 215 3351 inde
238 3289 328 3350 alium
351 3308 440 3370 snpra
462 3289 554 3350 fluere
577 3296 664 3368 atque
686 3289 842 3350 intendere
864 3289 980 3370 eodem,

147 3396 204 3457 quo
227 3377 368 3438 volvenda
390 3380 500 3439 micant
522 3380 636 3438 aeterni
659 3377 756 3438 sidera
779 3377 895 3458 mundi3

73 3482 126 3534 000
146 3474 196 3527 001
218 3465 308 3526 aliurn
331 3474 446 3547 supter,
470 3472 571 3526 contra
594 3467 646 3544 qui
669 3464 811 3526 subvehat
834 3465 949 3546 orbem,
1037 3487 1079 3529 00

72 3554 305 3615 0160111001οο
328 3573 446 3615 versare
469 3561 549 3615 rotas
571 3560 658 3632 atque
680 3553 801 3614 haustra
824 3553 965 3614 videmus.

126 3665 270 3707 Irucunnrus.
284 3665 319 3705 ed.
333 3664 459 3714 Brteger.
833 3659 866 3707 10
