2438 3998
601 251 628 304 11

179 414 248 456 nam
271 415 358 476 saepe
381 398 412 456 in
436 397 506 457 colli
527 399 684 459 tondentes
706 399 812 479 pabula
833 401 909 477 laeta

180 483 327 564 lanigerae
349 492 468 562 reptant
489 486 618 564 pecudes
642 505 701 567 quo
724 508 870 569 quamque
893 498 1031 553 vocantes

179 575 305 634 invitant
325 572 436 634 herbae
459 581 641 652 gemmantes
664 594 732 637 rore
755 582 881 661 recenti,

108 668 161 718 320
180 669 210 722 et
233 663 330 722 satiati
353 663 420 740 agni
443 660 549 723 ludunt
571 663 735 743 blandeque
759 675 927 750 coruscant3

180 752 278 812 omnia
301 768 374 828 quae
397 749 484 812 uobis
506 751 592 830 longe
616 753 737 814 confusa
758 754 897 816 ridentur

180 846 211 900 et
232 837 312 900 velut
334 840 366 898 in
388 840 477 899 viridi
499 841 610 900 candor
632 843 795 903 consistere
818 843 900 904 colli.⁴

151 923 333 1052 ffirssaelerea
356 945 477 1006 magnae
501 926 632 1006 legiones
655 947 722 991 cum
744 929 809 992 loca
831 951 920 993 cursu

180 1033 351 1096 camporum
374 1016 523 1095 complent
545 1016 617 1078 helli
639 1018 794 1079 simulacra
817 1023 943 1102 cientes,

110 1110 161 1159 335
180 1105 277 1184 iulgor
299 1103 342 1165 ihi
364 1105 400 1164 ad
423 1104 537 1165 caelum
561 1124 593 1166 se
615 1105 704 1186 tollit,
726 1114 846 1188 totaque
870 1112 983 1170 circum

181 1212 249 1254 aere
272 1192 433 1254 renidescit
454 1193 557 1275 tellus,
581 1201 741 1276 supterque
763 1198 860 1257 virum
874 1201 913 1259 -vi

181 1285 296 1343 excitur
318 1280 444 1361 pedibus
467 1285 595 1362 sonitus,
618 1283 804 1363 clamoreque
827 1293 942 1347 montes

180 1373 234 1431 icti
253 1373 399 1447 ¹reiectant
421 1389 508 1431 voces
531 1371 567 1432 ad
591 1371 687 1433 sidera
710 1372 827 1455 mundi,

181 1466 211 1520 et
234 1462 346 1520 circum
368 1457 491 1519 volitant
513 1461 629 1539 equites
650 1461 823 1541 mediosque
847 1470 969 1542 repente

110 1554 162 1604 330
180 1550 348 1609 tramittunt
369 1547 465 1608 valido
489 1551 655 1627 quatientes
678 1552 787 1629 impete
810 1569 943 1630 campos:
1097 1606 1104 1617 ,
1128 1520 1173 1613 l

181 1643 333 1698 ettamen
356 1643 401 1697 est
423 1638 542 1714 quidam
564 1636 648 1698 locus
671 1637 738 1698 altis
759 1639 922 1720 montibus,
946 1636 1028 1721 uude

147 1666 260 1819 (stare
283 1725 421 1786 videntur
443 1732 473 1786 et
495 1727 526 1785 in
549 1727 661 1804 campis
684 1728 847 1787 consistere
870 1716 985 1806 fulgo‘rs

226 1813 311 1875 Nunc
337 1832 403 1893 age,
429 1815 488 1874 iam
512 1813 652 1892 deinceps
677 1821 850 1875 cunctarum
873 1814 992 1876 exordia
1015 1832 1116 1875 rerum

182 1903 279 1983 qualia
302 1905 362 1963 sint
384 1908 414 1962 et
437 1920 523 1980 quam
546 1901 633 1981 longe
656 1901 920 1964 distantiarlormis

112 1999 163 2050 335
182 1994 316 2072 percipe,
338 1990 509 2069 multigenis
532 2008 620 2069 quam
643 1993 703 2052 sint
724 1994 834 2054 variata
856 1993 973 2073 figuris3

182 2099 242 2141 non
265 2098 324 2159 quo
346 2079 438 2140 multa
459 2097 564 2158 parum
587 2079 678 2140 simili
701 2082 761 2140 sint
781 2080 914 2160 praedita
937 2081 1044 2161 lorma,

183 2169 235 2230 sed
258 2171 327 2248 quia
349 2186 409 2245 non
430 2167 515 2247 volgo
538 2170 621 2247 paria
643 2168 780 2230 omnihus
803 2172 901 2230 omnia
925 2176 1068 2229 constant

183 2277 239 2319 nec
260 2260 383 2319 mirum:
405 2274 473 2317 nam
496 2274 564 2317 cum
587 2259 627 2317 sit
649 2276 752 2318 eorum
775 2260 859 2350 copq‘a
881 2265 974 2339 tanta,

182 2354 215 2407 ut
237 2364 334 2425 neque
357 2347 439 2425 finis,
460 2347 505 2405 uti
528 2345 629 2426 docui,
651 2364 748 2424 neque
772 2364 886 2407 summa
909 2347 948 2406 sit
970 2345 1042 2427 ulla,

112 2443 165 2493 340
183 2434 304 2516 debent,
326 2436 480 2514 nimirum,
502 2451 562 2494 non
585 2434 722 2495 omnibus
745 2437 843 2495 omnia
865 2452 1003 2515 prorsum

184 2542 250 2585 esse
272 2525 338 2602 pari
360 2521 408 2583 filo
433 2521 582 2600 similique
604 2522 717 2583 adlecta
740 2524 841 2602 ligura.

183 2619 337 2692 praetcrea
360 2629 453 2690 genus
475 2609 636 2671 humanum
658 2618 816 2690 mutaeque
838 2617 973 2672 natantes

185 2703 404 2780 squamigerum
426 2700 556 2780 pecudes
579 2706 609 2759 et
630 2699 706 2760 laeta
728 2707 861 2760 armenta
882 2699 1034 2779 feraeque,
1124 2728 1126 2736 v

185 2796 214 2850 et
236 2791 333 2850 variae
355 2787 504 2869 volucres,
527 2785 663 2848 laetantia
687 2806 760 2867 quae
783 2787 848 2848 loca
871 2806 1012 2867 aquarum

114 2886 165 2936 345
185 2877 392 2939 concelebrant
413 2880 527 2938 circum
548 2878 628 2954 ripas
650 2877 800 2955 fontisque
822 2874 975 2957 lacusque,

185 2973 215 3027 et
237 2984 311 3046 quae
334 2964 507 3045 pervolgant
528 2982 649 3025 nemora
672 2967 735 3024 avia
756 2963 966 3044 pervolitantes
987 2997 1029 3008 -

185 3073 311 3135 quornm
333 3072 426 3115 unum
449 3053 565 3133 quidvis
587 3055 749 3131 generatim
773 3071 891 3115 sumere
913 3071 1017 3133 perge:

184 3145 317 3204 invenies
338 3150 438 3203 umen
461 3145 539 3202 inter
562 3159 594 3201 se
618 3141 738 3202 differre
761 3143 872 3220 liguris.

185 3251 240 3294 nec
262 3233 377 3293 ratione
400 3231 456 3292 alia
477 3227 577 3309 proles
600 3248 779 3309 cognoscere
801 3238 926 3291 matrem

113 3330 165 3380 350
184 3339 240 3382 neo
261 3327 357 3381 mater
378 3326 480 3399 posset
501 3317 628 3400 prolem;
652 3318 730 3397 quod
753 3337 840 3398 posse
863 3318 995 3378 ridemus

185 3429 240 3471 nec
262 3411 361 3470 minus
384 3415 471 3487 atque
493 3406 629 3467 homines
651 3410 731 3469 inter
754 3425 786 3468 se
804 3414 873 3468 nota
896 3404 1004 3466 cluere.

185 3517 253 3559 nam
275 3516 363 3577 saepe
386 3503 453 3557 ante
476 3496 565 3557 deum
587 3495 696 3557 vitulus
720 3495 842 3557 delubra
863 3495 970 3554 decora

184 3589 361 3648 turicremas
382 3592 505 3666 propter
526 3591 671 3645 mactatus
694 3583 823 3646 concidit
845 3601 925 3663 aras,
