2438 3998
52 40 58 67 i
87 41 147 109 Qud

60 138 92 177 ΙΨ

5 167 62 342 &st
144 231 185 296 10
633 228 646 282 1

203 368 349 458 'paulatim
372 374 489 456 tribuit,
511 375 686 436 moderatim
710 393 843 437 crescere
867 392 987 454 cogens,

7 508 46 555 N
117 540 121 547 Ι
211 464 291 526 nulla
312 470 411 544 potest
433 463 586 525 oculorum
608 466 687 525 acies
710 471 846 525 contenta
868 465 958 543 tueri,

47 556 83 609 ἃ
105 552 116 583 ”
140 561 198 613 300
211 570 266 614 nec
288 570 377 632 porro
400 570 601 632 quaecumque
624 569 695 613 aero
718 554 869 632 macieque
893 558 1063 631 senescunt,
1102 563 1142 603 ³2⁵

45 606 109 705 tl*-
141 649 193 699 330
212 640 282 721 quid
305 658 421 720 quoque
443 641 577 701 amittant
599 642 631 701 in
652 647 785 719 tempore
809 657 931 701 cernere
953 640 1057 718 possis.
1103 661 1142 700 ani

112 726 121 785 ’··.
138 735 198 788 330
211 721 294 812 ilaec,
307 746 387 789 mare
399 745 473 807 quae
482 728 661 809 impendent,
670 746 756 789 vesco
767 727 826 789 sale
836 745 905 788 saxa
913 745 1018 807 peresa
1027 759 1069 770 -
1080 719 1088 809 Η
1102 741 1141 781 030

66 828 122 893 J,
212 816 385 896 corporibus
407 818 502 878 caecis
525 819 615 895 igitur
636 823 741 877 natura
763 818 840 896 gerit
861 833 918 877 res.

22 868 63 959 b*
255 904 317 966 Nec
337 912 437 966 tamen
458 904 589 983 undique
612 922 752 983 corporea
776 906 881 983 stipata
903 910 1041 964 tenentur
1188 977 1190 983 Ι

141 1000 197 1053 330
212 995 309 1055 omnia
331 1000 448 1054 natura:
470 1011 597 1072 namque
620 999 672 1053 est¹
687 995 719 1053 in
741 991 949 1063 rebusmane.
1102 1005 1142 1046 ³³0

140 1066 369 1161 tacffitibi
392 1098 534 1160 cognosse
556 1083 587 1141 in
610 1080 710 1142 multis
733 1082 791 1141 erit
811 1079 884 1141 utile
906 1098 939 1140 re
960 1098 995 1140 us

212 1188 267 1231 nec
290 1171 368 1230 siuet
389 1176 536 1230 errantem
560 1168 693 1230 dubitare
717 1175 747 1229 et
769 1186 911 1248 quaerere
934 1186 1052 1247 semper

213 1258 249 1318 de
273 1275 386 1318 summa
407 1275 508 1318 rerum
531 1264 560 1317 et
582 1259 693 1317 uostris
716 1256 850 1318 diffidere
873 1256 967 1317 dictis.

213 1363 270 1425 qua
291 1351 425 1426 propter,
446 1344 529 1405 locus
552 1352 598 1405 est
619 1347 746 1405 intactus
770 1347 856 1405 inane
879 1362 1054 1423 vacansque:

143 1440 198 1494 336
214 1432 292 1514 quod
315 1435 341 1493 si
363 1450 423 1494 uon
445 1440 536 1514 esset,
558 1432 637 1494 uuila
659 1418 907 1494 ratione'ffieri
1103 1444 1143 1486 ⁸³⁵

141 1530 194 1580 330
213 1540 262 1583 res
284 1527 418 1602 possent,
440 1539 567 1600 namque
590 1521 719 1582 officium
742 1521 820 1600 quod
843 1522 975 1600 corporis
999 1527 1107 1600 exstat,

213 1611 331 1671 officere
354 1617 442 1690 atque
464 1609 594 1691 obstare,
617 1609 647 1669 id
669 1611 701 1670 in
724 1611 959 1688 omnitempore
982 1607 1099 1670 adesset

204 1699 363 1790 fflffiusi
385 1697 463 1759 haud
485 1700 576 1778 igitur
598 1700 755 1777 quicquam
776 1697 938 1776 procedere
960 1705 1073 1779 posset,

212 1789 390 1867 principium
414 1789 552 1867 quoniam
575 1786 700 1848 cedendi
721 1785 800 1847 nulla
823 1785 906 1847 daret
928 1803 987 1846 res.

142 1884 198 1936 340
213 1882 243 1936 33
264 1894 343 1936 nunc
364 1893 418 1954 per
440 1876 532 1935 maria
554 1893 588 1936 ac
610 1881 705 1935 terras
725 1873 911 1960 QQ‘IUO
935 1872 1008 1935 caeli
1103 1889 1144 1928 erc

143 1963 305 2041 3333333133
327 1962 422 2022 medis
445 1962 546 2023 multis
569 1965 648 2023 varia
671 1965 784 2023 ratione
806 1964 918 2023 moveri

214 2036 363 2112 cernimus
385 2056 452 2110 aute
475 2049 589 2131 oculos3
612 2069 699 2133 quae,
722 2053 830 2112 sinon
853 2051 1052 2143 esseth,

213 2157 274 2200 non
295 2146 355 2198 tam
378 2136 504 2198 sollicito
526 2147 609 2198 motu
630 2141 742 2218 privata
765 2145 901 2200 carerent

215 2245 302 2307 quam
325 2227 424 2305 genita
446 2227 565 2286 omnino
587 2226 668 2287 nulla
690 2228 803 2287 ratione
827 2227 963 2306 fuissent,

144 2326 198 2377 345
214 2315 344 2395 undique
366 2315 505 2374 materies
529 2317 666 2394 quoniam
690 2316 795 2395 stipata
818 2317 956 2394 quiesset

144 2413 196 2463 340
213 2409 366 2485 praeterea
388 2404 519 2482 quamvis
543 2401 653 2463 solidae
676 2421 725 2464 res
747 2420 812 2464 esse
835 2409 989 2484 putentur,
1105 2417 1145 2458 340

213 2493 283 2552 hinc
304 2497 403 2550 tamen
426 2508 491 2550 esse
514 2488 584 2552 licet
605 2510 673 2552 raro
696 2509 764 2551 cum
786 2508 909 2570 corpore
932 2509 1044 2552 cernas.

213 2581 347 2640 insanis
370 2596 403 2638 ac
425 2576 575 2658 speluncis
597 2586 751 2658 permanat
772 2597 913 2658 aquarum
937 2589 939 2592 ’

214 2665 344 2747 liquidus
366 2684 452 2727 umor
474 2675 504 2728 et
525 2666 667 2729 uberibus
690 2667 762 2727 ssent
776 2669 881 2756 cmuia
904 2668 1007 2749 guttis3

143 2763 199 2817 330
215 2756 339 2834 dissipat
360 2756 392 2815 in
415 2773 521 2833 corpus
545 2773 611 2816 sese
636 2754 720 2816 cibus
743 2772 830 2815 omne
853 2756 1047 2836 animantum3
1105 2769 1145 2810 330

144 2853 196 2903 340
215 2849 353 2906 creseunt
375 2842 493 2903 arbusta
515 2844 643 2905 etfetus
666 2846 698 2904 in
720 2849 852 2922 tempore
876 2842 1014 2924 fundunt,

215 2932 293 3012 quod
316 2930 400 2992 cibus
422 2932 454 2991 in
476 2937 552 2991 totas
574 2949 669 3011 usque
692 2930 728 2992 ab
751 2931 901 2992 radicibus
923 2933 991 2992 imis

213 3039 269 3101 per
289 3028 410 3080 truncos
433 3038 467 3081 ac
489 3037 543 3098 per
564 3037 662 3080 rames
685 3019 860 3081 diffunditur
882 3021 986 3080 omnis.

214 3111 415 3187 interp—saepta
436 3113 535 3167 meant
557 3126 644 3169 voces
667 3106 825 3183 etclausa.
839 3107 992 3169 domorum

144 3203 198 3256 355
213 3189 430 3276 transvoliiafit,
453 3195 581 3274 rigidum
602 3203 754 3275 permanat
776 3197 870 3276 frigus
892 3195 928 3258 nd
951 3215 1030 3278 ossa,

144 3292 197 3343 300
216 3285 302 3366 quod,
322 3285 503 3367 nisisi-naria
516 3285 584 3364 siut,
602 3302 659 3363 qua
677 3290 799 3364 possent
817 3302 940 3364 corpora
958 3304 1091 3366 quaeque
1106 3299 1145 3341 ³5⁵

215 3376 356 3454 transire,
378 3359 459 3432 barm
474 3365 537 3432 ‘ulla
560 3372 626 3433 lieri
648 3376 760 3434 ratione
783 3372 907 3434 videres.

215 3462 342 3540 denique
365 3478 419 3521 cur
441 3459 512 3521 alias
535 3459 600 3520 aliis
622 3468 773 3540 praestare
795 3461 928 3523 videmus

214 3551 344 3632 pondere
366 3567 415 3610 res
439 3548 528 3609 rebus
550 3547 610 3610 nilo
633 3551 744 3610 maiore
766 3546 880 3630 figura?
