2438 3998
102 227 167 292 170
363 198 366 205 ’
588 224 615 280 v

100 391 171 441 1415
189 390 260 452 ergo
277 372 431 433 hominum
449 389 542 450 genus
560 375 591 433 in
610 390 726 434 cassum
744 372 911 450 frustraque
926 369 1042 432 laborat
1056 395 1110 435 raso

191 477 308 539 semper
330 467 360 521 et
381 457 417 521 iu
439 462 518 521 curis
542 463 688 522 consumit
710 459 846 522 inanibus
869 477 984 539 aevom,

101 556 176 608 1430
191 550 344 629 nimirum,
368 549 519 628 quianon
541 551 676 628 cognovit
699 566 773 628 quae
797 550 837 608 sit
857 547 986 608 habendi

190 637 258 697 linis
281 643 312 697 et
333 638 452 697 omnino
476 636 571 715 quom
594 644 707 698 crescat
728 655 798 698 vera
820 635 965 716 voluptas:

191 725 280 804 idque
302 726 580 785 minutatim'vitam
602 728 737 804 provexit
759 727 790 784 in
812 723 903 785 altum

103 830 173 879 1420
192 820 223 874 et
244 811 315 875 belli
336 830 459 892 magnos
481 815 638 874 commorit
659 814 791 874 funditus
814 820 920 874 aestus.
1057 835 1112 876 1155

235 900 396 980 invigiles
418 901 522 961 mnndi
543 919 681 980 magnum
703 901 839 963 versatile
861 900 1006 980 templum

102 995 176 1057 1435
192 988 236 1051 sol
258 997 289 1050 et
309 988 378 1050 luna
401 1007 455 1050 suo
478 988 637 1050 lustrantes
659 988 770 1050 lumine
793 991 905 1050 circum

192 1076 372 1157 perdocuere
395 1076 531 1138 homines
553 1095 696 1138 annorum
718 1085 850 1158 tempora
872 1079 948 1138 verti

192 1173 223 1227 et
244 1172 324 1226 certa
347 1166 460 1226 ratione
482 1167 546 1244 geri
568 1183 632 1225 rem
654 1173 741 1244 atque
765 1165 868 1226 ordine
892 1171 982 1225 certo.

104 1269 174 1318 1425
236 1253 298 1314 lam
319 1252 424 1313 validis
446 1255 540 1332 saepti
562 1252 706 1332 degebant
727 1253 859 1315 turribus
882 1270 998 1334 aevom,
1056 1277 1111 1317 ruo
1134 1258 1138 1269 “

101 1382 123 1394 «
193 1349 224 1404 et
246 1342 338 1401 divisa
361 1339 510 1401 colebatur
533 1340 718 1420 discretaque
740 1341 841 1423 tellus,

103 1436 177 1488 1440
192 1431 251 1492 iam
272 1447 353 1489 mare
375 1428 506 1490 velivolis
529 1428 652 1490 florebat
673 1426 805 1491 enudus
827 1476 921 1491 .....

193 1517 301 1580 auxilia
323 1534 356 1577 ec
378 1518 475 1578 socios
497 1519 556 1577 iam
578 1525 663 1596 pacto
686 1518 804 1578 foedere
826 1517 985 1597 habebant,

192 1604 372 1667 carminibus
394 1623 463 1666 cum
484 1623 533 1666 res
556 1612 652 1684 gestas
676 1624 800 1686 coepere
822 1611 925 1685 poeitae

106 1709 175 1759 1450
192 1692 323 1755 tradere:
344 1711 400 1755 neo
422 1692 514 1754 multo
536 1694 612 1773 priu’
635 1701 705 1755 sunt
726 1693 871 1755 elementa
892 1700 1019 1772 reperta.
1056 1716 1111 1757 1415

192 1788 349 1861 propterea
371 1782 443 1860 quid
465 1783 505 1842 sit
526 1783 610 1861 prius
633 1790 731 1843 actum
753 1784 902 1861 respicere
924 1785 1005 1842 aetas'

104 1875 177 1927 1445
193 1877 294 1931 nostra
315 1872 431 1951 nequit,
453 1871 512 1931 nisi
535 1889 592 1949 qua
613 1872 689 1930 ratio
712 1871 834 1949 vestigia
855 1874 1009 1930 monstrat.

237 1957 357 2036 Navigia
379 1964 466 2036 atquc
489 1961 552 2036 agri
574 1957 704 2019 culturas
726 1960 841 2019 moenia
864 1957 944 2037 leges

194 2065 273 2107 arma
296 2048 357 2106 rias
379 2053 476 2106 vestes
497 2047 528 2108 et
548 2053 645 2107 cetera
667 2046 704 2107 de
727 2064 834 2125 genere
856 2046 962 2106 horum
1008 2121 1010 2125 Ι

104 2149 174 2199 1435
193 2135 336 2214 praemia,
360 2133 480 2194 delicias
504 2152 620 2213 quoque
643 2136 719 2195 vitae
741 2135 874 2195 funditus
898 2136 1006 2214 omnis,
1056 2157 1111 2198 uso

193 2223 336 2301 carmina,
358 2223 501 2302 picturas,
524 2228 555 2283 et
576 2221 696 2305 daedala
718 2225 800 2301 signa
824 2221 930 2303 polire,

104 2316 177 2368 1450
193 2327 265 2371 usus
288 2316 319 2369 et
340 2310 482 2387 impigrae
506 2309 593 2370 simul
616 2313 796 2389 experientia
819 2312 927 2371 mentis

193 2396 332 2476 paulatim
356 2395 457 2456 docuit
477 2395 689 2476 pedetemptim
711 2399 936 2478 progredientis.

195 2487 238 2546 sic
260 2502 352 2545 unum
374 2483 514 2563 quicquid
537 2484 678 2564 paulatim
700 2487 844 2565 protrahit
869 2493 948 2547 aetas

104 2575 225 2639 1140111
248 2572 377 2634 medium
400 2574 533 2650 ratioque
556 2574 587 2634 in
610 2573 730 2635 luminis
753 2576 842 2653 erigit
864 2593 943 2636 oras:
1058 2598 1112 2639 1111

193 2679 318 2740 namque
342 2659 400 2721 alid
423 2678 459 2720 ex
482 2659 539 2720 alio
562 2660 724 2724 clarescere
747 2663 838 2723 cordi’
858 2662 995 2724 ridebant

103 2748 306 2810 meantibus
329 2748 365 2809 ad
387 2766 535 2810 summum
558 2749 652 2813 donec
674 2768 781 2811 venere
804 2769 953 2813 cacumen.
