2438 3998
105 230 170 296 216
510 231 694 285 APPENDIX

103 388 262 458 probatione
277 389 391 444 cessisse
408 391 486 458 puto,
502 407 564 443 cum
583 389 694 458 scripsit
708 388 923 444 construendum
937 404 1010 443 esse:
1023 388 1112 443 muita

105 461 242 525 meadum,
261 461 423 529 priusquam
445 462 551 515 auimai
572 463 676 514 semiue
698 461 845 515 sentiscant
907 460 1019 514 'mardic
1043 460 1111 530 (ecr-

100 531 188 600 poris)
213 545 355 596 caucasea,
383 531 420 583 cd
448 547 533 598 quum
558 530 725 584 sententium
750 546 766 584 4
790 530 862 584 versi
881 547 914 583 us
938 545 996 583 non
1019 531 1112 583 41414·

104 600 203 669 positis
222 599 389 654 eliciendum
412 599 556 670 Oedipode
574 617 643 669 opus
662 603 711 656 est.
744 617 915 669 quemquem
936 617 972 653 ne
996 617 1031 654 44
1051 600 1112 670 qui-

106 670 180 737 dem,
200 686 272 738 4444
289 687 340 726 144
359 671 531 741 scripsimus,
555 671 701 726 excludere
720 671 925 725 dubitationem
942 671 1028 726 facile
1046 687 1110 725 con-

105 740 180 794 cedo.
195 772 229 782 -
248 747 301 795 394
319 749 344 796 et
362 760 444 812 quam
461 746 499 797 im
517 745 569 796 lu'c
582 741 653 797 Lm:
672 749 698 797 et
715 743 827 812 quamtis
841 741 896 807 OQ.
916 743 945 796 44
963 760 1046 812 quam
1063 745 1111 797 cic

104 827 161 865 non
182 812 255 866 11414
277 812 417 866 Heinsius.
443 843 478 853 -
503 818 556 866 404
577 819 703 879 tmmcus,
725 813 851 882 adempta
873 814 983 867 amimae
1003 814 1036 866 ci
1050 829 1112 867 cum

104 884 278 952 membrisque
295 891 411 938 remota:
428 885 523 937 auium
536 884 637 937 circum
656 882 710 947 OQ.
739 883 802 936 edd.
816 884 992 952 membrisque
1009 885 1110 953 (ramat.

105 951 136 1018 Q.
151 961 274 1008 remotum
285 952 327 1024 0.)
341 961 447 1008 remota
457 970 524 1008 corr.
540 952 571 1018 Q.
581 953 639 1007 Lm.
650 954 681 1008 B.
691 953 742 1008 Mr.
752 953 857 1021 Heinu,
868 951 958 1008 Giuss.
977 953 1112 1008 Heinsius

104 1039 176 1091 quse
198 1025 245 1078 hic
267 1041 330 1079 cum
346 1024 524 1078 Lachmanno
547 1024 655 1092 scribit,
678 1025 721 1077 144
737 1025 843 1091 tuetur,
866 1026 900 1077 44
916 1024 1111 1079 incredibilem

103 1094 134 1147 in
151 1095 265 1148 modum
287 1111 305 1148 4
322 1095 448 1149 veritatis
471 1095 651 1163 simplicitate
673 1095 794 1151 recedat.
827 1095 912 1148 nuliis
931 1098 1006 1149 certe
1025 1095 1109 1150 inter-

103 1165 269 1234 pretationis
293 1165 417 1219 artificiis
439 1166 572 1220 credibile
590 1167 650 1219 fieri
667 1166 780 1236 poterit,
798 1167 831 1218 44
848 1166 1027 1220 cumbrorum
1045 1182 1111 1221 voce

103 1236 147 1290 bis
169 1238 261 1289 totum
287 1252 386 1306 corpus
408 1236 592 1307 significetur,
619 1239 652 1290 ut
674 1236 734 1291 vult
750 1236 798 1302 H.,
822 1239 851 1290 44
872 1243 987 1292 mmmm
1008 1253 1111 1290 nomen

103 1307 182 1360 iuxta
199 1307 324 1375 positum
338 1307 470 1360 membris
483 1323 540 1360 141
554 1310 718 1376 opponatur.
745 1306 827 1376 plura
842 1307 921 1362 41144.
950 1310 1026 1362 44144
1040 1308 1110 1361 nihil

104 1377 196 1430 dicere
209 1378 303 1445 potuit
315 1380 400 1446 pocta
413 1378 469 1431 nisi
482 1378 623 1431 hominem
632 1394 666 1431 44
679 1377 790 1430 4411144
803 1379 884 1446 parte
893 1394 967 1446 quae
980 1378 1012 1432 in
1025 1395 1110 1433 mem-

102 1446 161 1500 bris
179 1446 265 1501 fuerit
281 1449 422 1516 privatum
434 1449 525 1503 vivere
540 1450 642 1502 tumen.
668 1447 793 1515 ε4114114,
811 1449 949 1502 nachdem
962 1449 1111 1504 41444141-

103 1533 194 1571 masse
211 1518 336 1571 verlorcn
353 1519 404 1573 hat
421 1520 480 1573 und
498 1519 591 1573 solche
608 1520 661 1572 mit
675 1519 729 1572 den
742 1518 963 1590 (abgehuuenen)
982 1519 1110 1590 gliedern

103 1604 157 1643 von
174 1589 233 1640 ihm
247 1588 369 1642 entfernt
382 1590 445 1657 ist’,
463 1591 496 1642 ut
508 1592 603 1643 nostro
618 1606 742 1643 sermone
754 1589 862 1657 loquar.
889 1606 926 1644 44
939 1590 1003 1658 quis
1018 1591 1109 1644 minus

102 1659 209 1729 peritus
234 1659 264 1712 in
289 1676 369 1714 versu
394 1659 529 1728 offendet,
548 1661 618 1714 haec
640 1661 783 1714 simillime
806 1659 906 1715 affero:
929 1660 969 1714 ΙΠ
987 1667 1041 1716 303
1063 1679 1112 1716 uec

103 1731 186 1785 mimis
203 1731 260 1784 irai
280 1732 284 1801 1
304 1732 357 1797 fau
373 1730 400 1784 V
414 1737 463 1784 951
483 1733 523 1785 uei
541 1734 658 1786 uioleata
675 1733 730 1786 uiri
745 1733 748 1802 1
764 1734 805 1786 uis
823 1739 909 1801 utque.
943 1731 969 1785 V
982 1738 1037 1786 434
1051 1750 1111 1788 cum

100 1802 218 1869 parabus
231 1802 311 1871 imaqi
326 1803 331 1871 Ι
345 1818 388 1856 ree
402 1808 433 1855 et.
462 1807 513 1855 516
527 1809 600 1857 terra
613 1819 699 1871 supra
713 1819 821 1871 quaese
836 1803 839 1871 1
855 1805 1108 1859 4444414444-

103 1871 194 1926 V643
213 1873 256 1926 uic
273 1873 372 1939 eadem,
390 1873 494 1943 suprai
527 1891 579 1927 uae
596 1879 682 1927 terras
700 1874 750 1926 etc.
770 1904 803 1913 -
823 1878 875 1925 415
894 1873 1000 1942 alioqui
1022 1875 1109 1943 spicu-

103 1943 186 1997 didus
208 1944 287 1997 orbis.
329 1941 456 1996 omnibus
478 1891 561 1996 retus
583 1959 692 1996 mecum
713 1943 783 1997 iacit
805 1942 895 1996 Giuss.
918 1974 953 1984 -
976 1949 1108 1998 420...

103 2014 189 2082 dique
216 2021 265 2067 tua
289 2057 294 2067 .
315 2056 321 2067 .
342 2056 348 2067 .
371 2013 435 2068 vita
462 2011 517 2078 OQ.
541 2012 630 2067 Giuss.
659 2045 692 2054 -
724 2019 864 2066 425-439
893 2012 983 2069 (11444.
1013 2015 1115 2070 441414

104 2081 208 2137 Susem.
228 2086 256 2137 et
273 2099 325 2137 me.
357 2084 388 2136 in
405 2101 430 2139 v.
444 2089 496 2137 428
514 2102 579 2138 uum
597 2082 674 2154 (OQ.)
693 2101 756 2138 curn
772 2083 951 2138 Lachmanno
968 2087 1064 2139 mutet
1079 2087 1113 2139 ir

103 2155 160 2208 iam
178 2155 206 2207 et
222 2156 288 2223 post
304 2161 437 2225 qeruutur
452 2156 588 2223 punctum
604 2155 692 2223 ponit.
719 2156 815 2209 contra
829 2170 913 2223 quem
925 2157 1018 2224 teneo,
1038 2173 1109 2225 quse

102 2241 130 2347 p.
145 2223 221 2277 XXII
239 2225 387 2294 disputavi.
413 2226 560 2279 simulacra
572 2233 705 2295 qeruutm
722 2225 840 2296 (Heium
855 2228 1001 2297 feruutur)
1018 2226 1107 2282 Giuss.

123 2310 174 2348 414
191 2297 293 2349 tuetur.
312 2326 346 2335 —
365 2300 460 2347 444-
474 2297 484 2365 ΙΙ
497 2312 606 2364 empore
624 2297 673 2365 qui
689 2304 780 2351 uestro
796 2313 880 2350 rarus
897 2313 974 2366 maqe
991 2301 1049 2366 144,
1067 2315 1108 2352 ea-

103 2365 232 2420 bibessii?
251 2408 257 2419 .
277 2407 283 2419 .
304 2407 309 2418 .
330 2367 449 2488 'ipram
466 2367 554 2435 maqis
567 2368 586 2436 †
599 2366 789 2422 imcobcbescit?
807 2365 897 2420 (11444.
912 2397 947 2406 -
966 2374 1116 2429 463-471,

104 2436 316 2507 ...privetur.]
360 2435 425 2489 iuss.
454 2435 540 2488 eliam
561 2437 629 2491 huic
647 2437 709 2491 loco
727 2437 896 2492 medicinam
914 2437 1034 2493 adhibet
1050 2456 1113 2494 ver·v

104 2505 180 2559 sibus
206 2512 258 2559 472
273 2523 313 2574 sq.
336 2506 410 2559 inter
437 2512 488 2559 462
512 2508 541 2560 44
562 2512 614 2560 463
645 2507 753 2577 positis.
781 2539 815 2549 -
851 2513 903 2562 490
1006 2510 1110 2580 probet

104 2575 276 2648 Giussanus].
295 2576 325 2630 in
343 2575 386 2630 ed.
401 2592 452 2630 414
470 2592 563 2630 versus
577 2577 618 2630 144
633 2577 743 2632 scribit:
762 2580 829 2648 quia
841 2583 875 2634 ui
888 2580 931 2650 (ut
944 2582 1008 2651 ego)
1023 2582 1109 2635 morbi

103 2648 235 2702 distracta
253 2665 304 2716 per
321 2655 399 2702 artus
416 2665 433 2701 4
451 2650 556 2715 turbat,
582 2666 664 2718 aqeus
683 2651 804 2703 amimam
821 2656 942 2718 spumat,
965 2657 998 2704 ut
1016 2653 1054 2705 iu.
1073 2683 1107 2693 -

103 2722 251 2772 526-547
278 2718 329 2771 1144
355 2734 450 2772 versus
473 2716 562 2772 Giuss.
594 2719 749 2774 rationibus
776 2736 954 2788 nequaquem
976 2720 1108 2776 futilibus

104 2787 199 2842 4114414
224 2805 286 2842 cum
311 2787 415 2843 Susem.
440 2791 506 2858 post
529 2794 579 2842 669
602 2790 743 2844 transfert.
763 2806 815 2862 ego
833 2793 928 2844 tamen
946 2790 1055 2847 dubito.
1074 2824 1106 2833 -

104 2864 154 2913 529
178 2860 312 2914 scinditur
338 2861 417 2929 atqui
439 2863 547 2914 amimae
571 2863 654 2916 baec
680 2863 809 2930 quautam
834 2869 938 2916 matura
962 2861 1107 2917 (11444.-

104 2935 153 2984 551
174 2972 224 2985 ...
244 2932 406 3000 iiuqumaiur
424 2932 585 3002 (liucuutur)
605 2933 673 2986 tabi:
693 2930 1108 2988 441411111444.Ιι44141411411

103 3001 235 3069 sequitur.
254 3031 288 3042 -
307 3006 358 3054 555
374 3043 380 3055 .
396 3044 401 3056 .
418 3043 423 3055 .
438 3001 502 3073 Mn]
521 3000 610 3055 Giuss.
625 3033 658 3043 —
678 3008 728 3056 571
739 3020 778 3069 sq.
797 3020 824 3071 p.
840 3003 886 3084 27]
900 3002 951 3056 Mr.
966 3001 1106 3058 (11444.-

103 3077 154 3126 594
175 3113 224 3126 ...
242 3089 326 3141 usque
344 3071 387 3144 Β.]
406 3071 496 3126 (11444.
511 3103 544 3112 -
563 3074 572 3141 ΙΙ
591 3077 730 3126 592-606
748 3072 806 3125 Lm.
825 3075 834 3142 11
852 3071 1006 3129 1111444144
1024 3076 1108 3130 versi-

102 3142 154 3196 bus
174 3147 311 3196 589-591
338 3158 432 3196 versus
457 3147 609 3210 607-614,
636 3143 680 3196 his
702 3161 743 3197 vv.
768 3148 818 3197 798
838 3160 878 3212 sq.
902 3143 1018 3213 subicit,
1042 3148 1109 3216 post

101 3213 153 3267 hos
176 3213 295 3268 44114444
317 3217 465 3266 592-606.
498 3212 533 3265 de
555 3212 599 3265 his
621 3213 885 3282 transpositionibus
907 3214 983 3268 infre
1006 3216 1108 3272 dicam

102 3315 136 3325 —
156 3288 208 3336 594
227 3326 233 3338 .
249 3326 255 3338 .
271 3326 277 3337 .
296 3284 431 3354 cusamque*
448 3281 586 3356 (trumo)
605 3286 699 3338 cadere
716 3287 809 3338 amaia
826 3284 950 3339 membra
967 3285 1028 3340 Lm.
1042 3286 1096 3342 Mr.

103 3353 192 3408 Giuss.
211 3353 351 3408 Heinsius.
370 3369 548 3421 nequaquem
567 3357 639 3422 apte.
658 3386 692 3395 -
716 3360 766 3408 oei
788 3373 956 3426 ...supera
974 3356 1031 3422 OQ.
1051 3376 1096 3431 vg.

103 3426 189 3479 etiem
211 3424 314 3491 Girsu,
343 3424 392 3491 qui
413 3425 509 3478 441141
529 3423 644 3479 ‘Goebel
667 3427 695 3478 et
717 3424 832 3497 Bricger
853 3429 984 3496 superae’
1014 3429 1098 3499 inqui

104 3496 237 3550 ‘fortusse
259 3496 359 3549 recte’.
387 3498 639 3565 -11613-62111
670 3495 759 3550 (11444.
788 3496 874 3550 441411
901 3503 1042 3554 622-631
1067 3517 1112 3556 44·

103 3567 198 3635 cludit,
209 3583 265 3620 non
274 3565 393 3621 secludit
402 3572 549 3620 632-667.
557 3599 593 3606 -
601 3573 650 3620 631
660 3567 736 3621 baud
745 3568 831 3637 iqitmr
839 3568 897 3621 Lm.
907 3568 937 3622 Β.
944 3567 1110 3627 (1144441144
