2438 3998
155 166 262 284 114ยน
389 305 391 311 k
640 219 679 268 rv

154 382 205 432 640
224 374 255 427 ct
276 369 389 427 variare
412 367 476 428 viae
498 367 623 446 proinde
647 385 681 428 ac
703 374 820 429 textura
843 372 968 429 coercet.

155 470 210 521 666
224 453 281 515 hoc
302 454 356 516 uhi
379 453 456 534 quod
480 462 598 516 suarest
620 455 686 516 aliis
709 454 774 516 aliis
797 456 830 516 fit
852 474 997 538 amarum,

223 543 280 623 illi,
303 545 351 604 cui
374 550 504 625 suavest,
526 536 675 604 levissima
698 561 822 623 corpora
845 543 953 605 debent

224 630 473 692 contractabiliter
496 630 593 692 caulas
616 634 727 693 intrare
750 631 852 714 palati,
1121 655 1164 697 cco

225 726 254 780 at
277 727 378 779 contra
402 719 509 799 quihus
531 727 577 781 est
600 720 701 781 eadem
724 738 774 780 res
795 723 876 781 intus
899 719 1018 801 acerba,

153 823 206 872 646
225 825 341 888 aspera,
363 809 518 890 nimirum,
540 816 696 887 penetrant
717 807 890 888 hamataque
913 809 1022 870 fauces.

155 911 208 962 661
223 913 302 956 nuuc
325 895 440 957 facilest
462 915 498 957 ex
520 896 567 956 his
590 896 680 957 rebus
703 914 881 975 cognoscere
904 915 1051 978 quaeque:

649 1004 667 1042 ss

225 1074 347 1152 quippe,
370 1072 422 1133 uhi
445 1074 492 1132 cui
515 1071 607 1133 febris
628 1071 683 1132 bili
706 1081 862 1152 superante
886 1081 1014 1134 coortast

225 1167 275 1221 aut
298 1159 353 1221 alia
376 1163 489 1221 rationo
513 1160 638 1240 aliquast
659 1163 704 1222 vis
727 1164 822 1222 excita
844 1161 953 1240 morbi,
1121 1184 1162 1226 666

225 1248 416 1328 perturbatur
438 1248 481 1308 ibi
503 1249 561 1308 iam
583 1255 678 1309 totum
701 1266 822 1328 corpus,
847 1256 877 1310 et
899 1268 1001 1310 omnes

155 1352 208 1402 656
227 1344 445 1397 commntantur
466 1335 509 1396 ibi
531 1339 681 1415 positurae
703 1339 930 1419 principiorum

155 1441 212 1492 666
226 1431 259 1485 ut
281 1427 365 1504 prius
388 1423 424 1485 ad
447 1442 568 1484 sensum
591 1443 665 1504 quae
689 1441 813 1505 corpora
835 1425 1048 1486 conveniebant

97 1552 100 1558 -
185 1565 188 1573 .
225 1531 305 1574 nunc
327 1530 386 1573 non
410 1514 596 1594 conveniant,
619 1520 649 1574 et
671 1522 770 1575 cetera
794 1516 853 1575 sint
876 1517 969 1593 magis
992 1521 1071 1594 apta,

226 1619 300 1680 quae
323 1608 474 1680 penetrata
496 1608 608 1679 queunt
626 1620 746 1662 sensum
764 1605 939 1681 progignere
959 1601 1106 1663 acerbum.
1121 1626 1163 1665 cro

225 1697 350 1767 utraque
373 1691 453 1750 enim
476 1691 598 1750 suntin
621 1689 717 1751 mellis
741 1693 898 1751 commixta
921 1708 1034 1769 sapore.
1121 1714 1161 1753 ou

156 1795 207 1844 656
269 1777 354 1838 Nunc
378 1795 444 1859 age,
467 1796 525 1857 quo
548 1786 633 1856 pacto
656 1780 737 1839 naris
760 1779 891 1840 adiectus
915 1779 1014 1839 odoris
1121 1803 1163 1842 crs

156 1882 212 1934 672
226 1872 326 1944 tangat
348 1883 440 1944 agam.
476 1869 604 1945 primum
628 1884 677 1926 res
699 1865 805 1926 multas
829 1885 894 1927 esse
917 1873 1068 1927 necessest

225 1954 303 2014 unde
326 1953 422 2014 fluens
445 1953 539 2014 volvat
561 1956 660 2014 rarius
683 1973 715 2015 se
738 1954 845 2016 fluctus
868 1954 1004 2034 odorum3
1121 1979 1163 2018 erc

227 2048 256 2102 et
278 2042 371 2102 fluere
394 2050 424 2102 et
446 2044 525 2102 mitti
546 2041 630 2120 volgo
653 2045 810 2122 spargique
833 2043 1035 2123 putandumst:

156 2147 210 2197 675
224 2148 327 2190 rerum
350 2129 415 2190 aliis
439 2130 513 2191 alius
537 2133 629 2209 magis
653 2138 699 2192 est
720 2130 916 2192 animantibus
939 2139 1038 2211 aptus,

156 2235 207 2285 666
226 2217 379 2278 dissimilis
401 2225 524 2298 propter
546 2219 663 2279 formas.
699 2219 825 2298 ideoque
848 2237 902 2298 per
924 2237 1010 2279 auras

225 2306 321 2367 mellis
345 2325 414 2385 apes
438 2308 571 2385 quamvis
594 2305 678 2384 longe
702 2307 850 2368 ducuntur
873 2307 975 2388 odore,

226 2394 402 2474 volturiique
426 2393 629 2455 cadaveribus:
651 2401 714 2454 tum
738 2396 806 2455 fissa
828 2395 957 2455 serarum
1121 2419 1164 2460 oso

225 2482 335 2562 ungula
358 2501 415 2562 quo
438 2481 541 2543 tulerit
562 2500 697 2559 gressum
719 2485 864 2562 permissa
886 2501 991 2544 cauum
1013 2486 1058 2544 vis

155 2588 211 2638 666
225 2571 319 2652 ducit,
341 2578 372 2631 ct
392 2571 552 2631 humanum
573 2569 659 2649 longe
682 2573 844 2649 praesentit
868 2571 987 2632 odorem

155 2676 206 2726 666
225 2659 447 2720 Romulidarum
470 2661 546 2719 arcis
570 2666 715 2739 servator,
738 2659 880 2720 candidus
902 2678 998 2721 anser.

226 2750 269 2810 sic
292 2747 357 2808 aliis
380 2746 455 2807 alius
477 2747 565 2807 nidor
587 2746 671 2807 datus
694 2746 731 2807 ad
755 2766 806 2808 sua
827 2766 976 2827 quamque

224 2835 331 2916 pabula
353 2835 434 2895 ducit
457 2841 486 2895 et
508 2853 524 2895 6
547 2842 624 2894 tetro
647 2835 763 2896 resilire
786 2853 898 2896 veneno
1118 2858 1162 2898 coc

226 2927 318 3004 cogit,
341 2923 544 3001 ecquomodo
568 2930 723 2984 servantur
746 2923 839 2985 saecla
865 2924 1001 2985 ferarum.

155 3029 212 3080 665
269 3013 324 3072 Hic
348 3011 420 3071 odor
443 3012 507 3090 ipse
530 3013 634 3091 igitur,
656 3014 739 3072 naris
762 3015 939 3091 quicumque
962 3011 1094 3090 lacessit,

156 3117 207 3168 oto
226 3108 272 3161 est
294 3099 350 3161 alio
374 3106 407 3159 ut
429 3101 523 3178 possit
545 3102 679 3178 permitti
700 3100 817 3179 longius
840 3099 926 3160 alter:

226 3188 277 3249 sed
300 3194 399 3248 tamen
421 3187 498 3248 haud
523 3189 678 3267 quisquam
701 3195 761 3248 tam
782 3187 868 3266 longe
892 3188 987 3248 fertur
1009 3205 1113 3248 eorum

154 3329 156 3332 ,
225 3294 313 3356 quam
332 3277 456 3356 sonitus,
475 3294 562 3354 qnam
580 3293 644 3357 vor,
662 3277 746 3336 mitto
765 3278 824 3336 iam
843 3275 941 3337 dicere
957 3295 1044 3356 quam
1058 3294 1107 3337 res
1122 3299 1163 3338 ooo

225 3383 299 3444 quae
322 3364 437 3425 feriunt
456 3363 607 3425 oculorum
631 3365 710 3424 acies
732 3366 885 3443 visumque
909 3364 1067 3426 lacessunt.

155 3471 209 3522 696
226 3452 409 3514 errabundus
432 3455 511 3513 enim
533 3452 617 3512 tarde
639 3453 733 3531 venit,
756 3470 789 3512 ac
811 3455 889 3532 perit
912 3461 979 3514 ante

537 3538 592 3617 [67
596 3537 630 3618 2]
646 3539 709 3599 =l
727 3535 800 3601 429.
