2438 3998
144 231 204 294 148
303 226 305 231 ’
626 230 652 284 V

211 395 278 438 nam
302 378 367 436 11611
389 376 435 436 161
458 395 524 437 oum
547 379 653 454 primis
676 376 706 437 id
728 395 816 455 posse
839 377 969 457 videtur,

142 483 193 532 610
212 465 372 525 Democriti
398 466 476 544 quod
510 472 609 525 sancta
633 467 689 524 viri
712 467 858 525 sententia
880 467 977 545 ponit,

143 562 199 613 621
215 560 323 633 quanto
347 571 480 632 quaeque
503 555 597 632 magis
620 555 680 614 sint
702 561 813 613 terram
836 553 933 613 sidera
955 559 1092 633 propter,

212 649 293 702 tanto
317 659 404 721 posse
428 644 526 702 minus
550 660 617 701 cum
640 640 714 702 oaeli
736 641 854 703 turbine
877 641 962 702 ferri:

214 748 388 790 evanescere
412 732 492 790 enim
515 730 632 808 rapidas
654 729 734 789 illius
757 738 787 790 et
810 731 886 789 acris
1107 750 1151 791 616

213 820 348 878 imminui
371 825 473 897 supter
495 820 580 898 viris,
602 817 727 896 ideoque
751 816 879 896 relinqui

144 924 194 973 oto
213 906 353 986 paulatim
376 906 469 967 solem
491 924 557 967 oum
581 905 787 984 posterioribu'
811 908 917 986 signis,

143 1001 200 1054 626
213 996 336 1055 inferior
358 995 450 1055 multo
474 994 552 1072 quod
576 997 615 1055 sit
637 1012 725 1073 quam
747 994 860 1054 fervida
882 996 973 1072 signa.

214 1091 244 1144 et
265 1085 358 1162 magis
381 1083 437 1143 hoe
459 1082 572 1142 lunam:
596 1089 703 1161 quanto
727 1081 884 1142 demissior
907 1085 971 1142 eius

214 1190 319 1232 cursus
342 1171 424 1231 abest
446 1169 549 1249 procul
572 1188 588 1230 a
611 1169 691 1230 caelo
714 1173 862 1249 terrisque
884 1171 1076 1249 propinquat,
1106 1191 1151 1231 666

213 1267 294 1320 tanto
317 1277 404 1338 posse
427 1261 525 1318 minus
549 1276 616 1318 oum
639 1261 731 1336 signis
753 1258 875 1319 tendere
899 1276 1027 1337 cursum.

144 1364 196 1414 610
214 1347 382 1408 flaccidiore
405 1349 515 1406 etenim
538 1353 646 1425 quanto
669 1348 727 1406 iam
750 1347 868 1407 turbine
891 1346 986 1406 fertur

144 1444 199 1495 631
216 1436 339 1495 interior
362 1452 449 1513 quam
473 1434 529 1514 sol,
551 1441 632 1495 tanto
656 1437 749 1513 magis
773 1437 870 1495 omnia
893 1437 975 1512 signa

212 1524 288 1583 bano
310 1522 514 1601 adipiscuntur
537 1525 662 1603 circum,
684 1530 859 1602 praeterque
882 1523 1024 1582 feruntur.

214 1618 371 1691 propterea
393 1612 481 1671 11161
503 1611 575 1671 haee
598 1611 634 1670 ad
657 1613 774 1689 signum
798 1611 933 1690 quodque
957 1612 1066 1670 reverti
1107 1632 1149 1673 666

213 1699 352 1760 mobilius
375 1699 521 1779 videatur,
543 1698 579 1759 ad
601 1699 677 1759 bano
701 1702 768 1777 quia
792 1702 874 1777 signa
897 1701 1037 1758 revisunt.

145 1789 248 1855 616111
270 1806 386 1867 quoque
409 1794 442 1848 ut
465 1805 481 1846 e
504 1787 607 1847 mundi
628 1789 805 1848 transversis
826 1787 960 1866 partibus
982 1791 1033 1847 661

145 1884 200 1935 636
214 1876 335 1936 61161616
358 1882 438 1936 66116
461 1875 553 1935 fluere
576 1875 649 1935 61161
671 1883 803 1954 tempore
825 1877 933 1955 possit,

216 1967 267 2043 qui
290 1971 377 2043 queat
398 1965 517 2024 aestivis
541 1963 632 2023 solem
656 1963 812 2024 detrudere
835 1965 928 2042 signis
961 1986 964 1989 ¹

214 2051 356 2113 brumalis
378 2070 472 2130 usque
495 2051 531 2111 ad
554 2051 648 2112 flexus
671 2051 857 2130 gelidumque
879 2053 1021 2130 rlgorem,
1107 2075 1151 2116 em

216 2148 246 2200 et
269 2142 320 2218 qui
342 2141 445 2200 reiciat
468 2139 572 2218 gelidis
595 2159 610 2200 a
633 2139 752 2218 frigoris
774 2139 887 2199 umbris

134 2248 198 2296 666
217 2229 369 2289 aestiferas
391 2246 485 2306 usque
508 2230 540 2287 in
562 2230 655 2306 partis
678 2234 708 2287 et
730 2227 840 2288 fervida
863 2230 954 2305 signa.

146 2317 380 2376 6416116116116
403 2318 468 2394 pari
490 2314 590 2376 lunam
613 2314 769 2394 stellasque
792 2315 995 2394 putandumst,

217 2422 291 2484 quae
313 2403 433 2464 volvunt
453 2421 574 2482 magnos
597 2405 629 2463 in
651 2406 764 2480 magnis
787 2404 908 2464 orbibus
931 2421 1036 2483 annos,

217 2492 334 2553 aeribus
356 2510 443 2570 posse
467 2491 587 2552 alternis
610 2510 626 2551 e
649 2490 781 2570 partibus
804 2494 857 2552 116.
924 2524 925 2527 ¹
1106 2517 1150 2557 aes

216 2598 314 2642 nonne
337 2580 419 2640 vides
442 2582 529 2640 etiam
553 2579 677 2639 diversis
700 2578 800 2639 nubila
821 2583 917 2640 ventis

147 2669 348 2736 66611161666
370 2671 415 2728 ire
438 2670 469 2727 in
492 2669 584 2746 partis
607 2667 720 2728 inferna
744 2664 903 2746 supernis?

147 2764 202 2816 646
216 2760 267 2836 qui
289 2758 386 2816 minus
409 2754 458 2816 illa
482 2762 590 2834 queant
611 2773 666 2833 per
687 2774 808 2834 magnos
832 2756 960 2817 aetheris
983 2755 1063 2816 orbis

217 2845 346 2906 aestibus
368 2847 448 2904 inter
470 2861 502 2903 se
525 2842 649 2903 diversis
673 2844 769 2904 sidera
792 2841 884 2905 ferri?

260 2933 296 2993 lt
318 2950 376 2992 nox
399 2931 498 2991 obruit
519 2933 633 3009 ingenti
656 2931 779 3011 caligine
801 2940 910 3012 terras,
1108 2958 1151 2998 666

218 3029 269 3081 661
289 3020 342 3080 611
365 3019 401 3079 de
423 3018 510 3096 longo
533 3038 623 3080 cursu
646 3019 690 3080 sol
713 3019 814 3081 ultima
838 3019 911 3081 caeli
1070 3036 1072 3038 ·

148 3126 199 3176 640
218 3107 335 3187 impulit
357 3114 443 3186 atque
467 3125 536 3167 suos
559 3108 668 3168 elllavit
689 3107 844 3188 languidus
866 3110 943 3186 ignis

147 3206 199 3256 651
219 3213 377 3256 concussos
399 3198 474 3255 11616
498 3203 528 3255 61
549 3195 707 3257 labefactos
729 3202 797 3257 6616
820 3195 926 3278 multo,

219 3291 269 3345 aut
291 3285 359 3362 quia
382 3282 437 3344 sub
460 3290 555 3344 terras
578 3304 697 3346 cursum
720 3291 891 3345 convortere
915 3287 993 3363 cogit

217 3376 262 3433 ris
286 3371 401 3452 eadem,
425 3390 513 3450 supra
537 3391 610 3451 quae
632 3381 728 3434 terras
751 3371 873 3452 pertidit
895 3373 1005 3433 orbem.
1109 3398 1152 3438 666

261 3460 405 3539 Tempore
428 3462 500 3521 item
523 3469 603 3523 66116
626 3479 741 3521 roseam
763 3467 867 3521 natura
889 3479 943 3539 per
967 3480 1031 3520 oras

148 3567 199 3617 646
218 3549 346 3610 aetheris
369 3568 505 3611 auroram
528 3550 627 3610 differt
648 3556 678 3609 et
700 3548 810 3609 lumina
832 3549 945 3630 pandit,
