<?xml version="1.0" encoding="UTF-8"?>
<!DOCTYPE html PUBLIC "-//W3C//DTD XHTML 1.0 Transitional//EN"
    "http://www.w3.org/TR/xhtml1/DTD/xhtml1-transitional.dtd">
<html xmlns="http://www.w3.org/1999/xhtml" xml:lang="en" lang="en">
 <head>
  <title>
</title>
<meta http-equiv="Content-Type" content="text/html;charset=utf-8" />
  <meta name='ocr-system' content='tesseract 3.04.00' />
  <meta name='ocr-capabilities' content='ocr_page ocr_carea ocr_par ocr_line ocrx_word'/>
</head>
<body>
  <div class='ocr_page' id='page_1' title='image "./tlucreticarider02carugoog_0274.png"; bbox 0 0 2438 3998; ppageno 0'>
   <div class='ocr_carea' id='block_1_1' title="bbox 585 230 1106 296">
    <p class='ocr_par' dir='ltr' id='par_1_1' title="bbox 585 230 1106 296">
     <span class='ocr_line' id='line_1_1' title="bbox 585 230 1106 296; baseline 0.002 -1"><span class='ocrx_word' id='word_1_1' title='bbox 585 231 624 286; x_wconf 92' lang='lat' dir='ltr'><strong>Vl</strong></span> <span class='ocrx_word' id='word_1_2' title='bbox 1043 230 1106 296; x_wconf 80' lang='lat'><strong>185</strong></span> 
     </span>
    </p>
   </div>
   <div class='ocr_carea' id='block_1_2' title="bbox 101 378 1111 3632">
    <p class='ocr_par' dir='ltr' id='par_1_2' title="bbox 174 378 1023 548">
     <span class='ocr_line' id='line_1_2' title="bbox 175 378 1023 459; baseline -0.002 -18"><span class='ocrx_word' id='word_1_3' title='bbox 175 381 346 459; x_wconf 89' lang='lat' dir='ltr'><strong>concipiunt</strong></span> <span class='ocrx_word' id='word_1_4' title='bbox 368 380 457 439; x_wconf 90' lang='lat' dir='ltr'><strong>etiam</strong></span> <span class='ocrx_word' id='word_1_5' title='bbox 480 378 604 439; x_wconf 92' lang='lat' dir='ltr'><strong>multum</strong></span> <span class='ocrx_word' id='word_1_6' title='bbox 627 397 744 457; x_wconf 91' lang='lat' dir='ltr'><strong>quoque</strong></span> <span class='ocrx_word' id='word_1_7' title='bbox 767 397 854 458; x_wconf 81' lang='lat' dir='ltr'><strong>saepe</strong></span> <span class='ocrx_word' id='word_1_8' title='bbox 877 381 1023 440; x_wconf 91' lang='lat' dir='ltr'><strong>marinum</strong></span> 
     </span>
     <span class='ocr_line' id='line_1_3' title="bbox 174 465 849 548; baseline -0.001 -20"><span class='ocrx_word' id='word_1_9' title='bbox 174 485 321 548; x_wconf 91' lang='lat' dir='ltr'><strong>umorem,</strong></span> <span class='ocrx_word' id='word_1_10' title='bbox 344 465 435 528; x_wconf 90' lang='lat' dir='ltr'><strong>veluti</strong></span> <span class='ocrx_word' id='word_1_11' title='bbox 456 467 614 546; x_wconf 80' lang='lat' dir='ltr'>pendentia</span> <span class='ocrx_word' id='word_1_12' title='bbox 637 466 744 527; x_wconf 89' lang='lat' dir='ltr'><strong>vellera</strong></span> <span class='ocrx_word' id='word_1_13' title='bbox 766 466 849 527; x_wconf 91' lang='lat' dir='ltr'><strong>lanae</strong></span> 
     </span>
    </p>

    <p class='ocr_par' dir='ltr' id='par_1_3' title="bbox 103 554 1106 705">
     <span class='ocr_line' id='line_1_4' title="bbox 103 554 1106 634; baseline 0.004 -19"><span class='ocrx_word' id='word_1_14' title='bbox 103 562 159 615; x_wconf 82' lang='lat'><strong>505</strong></span> <span class='ocrx_word' id='word_1_15' title='bbox 175 573 242 618; x_wconf 90' lang='lat' dir='ltr'><strong>cum</strong></span> <span class='ocrx_word' id='word_1_16' title='bbox 265 573 373 634; x_wconf 87' lang='lat' dir='ltr'><strong>supera</strong></span> <span class='ocrx_word' id='word_1_17' title='bbox 394 572 533 633; x_wconf 92' lang='lat' dir='ltr'><strong>magnum</strong></span> <span class='ocrx_word' id='word_1_18' title='bbox 554 572 636 615; x_wconf 89' lang='lat' dir='ltr'><strong>mare</strong></span> <span class='ocrx_word' id='word_1_19' title='bbox 658 557 739 615; x_wconf 90' lang='lat' dir='ltr'><strong>venti</strong></span> <span class='ocrx_word' id='word_1_20' title='bbox 760 554 861 625; x_wconf 87' lang='lat' dir='ltr'><strong>nubila</strong></span> <span class='ocrx_word' id='word_1_21' title='bbox 882 561 1008 634; x_wconf 84' lang='lat' dir='ltr'><strong>portant</strong></span> <span class='ocrx_word' id='word_1_22' title='bbox 1066 576 1106 619; x_wconf 78' lang='lat' dir='ltr'><strong>sos</strong></span> 
     </span>
     <span class='ocr_line' id='line_1_5' title="bbox 174 642 991 705; baseline -0.004 0"><span class='ocrx_word' id='word_1_23' title='bbox 174 643 323 705; x_wconf 76' lang='lat' dir='ltr'><strong>consimili</strong></span> <span class='ocrx_word' id='word_1_24' title='bbox 344 645 459 704; x_wconf 92' lang='lat' dir='ltr'><strong>ratione</strong></span> <span class='ocrx_word' id='word_1_25' title='bbox 481 661 519 704; x_wconf 83' lang='lat' dir='ltr'><strong>ex</strong></span> <span class='ocrx_word' id='word_1_26' title='bbox 541 642 678 704; x_wconf 92' lang='lat' dir='ltr'><strong>omnibus</strong></span> <span class='ocrx_word' id='word_1_27' title='bbox 701 642 836 704; x_wconf 88' lang='lat' dir='ltr'><strong>amnibus</strong></span> <span class='ocrx_word' id='word_1_28' title='bbox 858 661 944 704; x_wconf 87' lang='lat' dir='ltr'><strong>umor</strong></span> <span class='ocrx_word' id='word_1_29' title='bbox 989 660 991 665; x_wconf 78' lang='grc'><strong>’</strong></span> 
     </span>
    </p>

    <p class='ocr_par' dir='ltr' id='par_1_4' title="bbox 103 730 1040 970">
     <span class='ocr_line' id='line_1_6' title="bbox 103 730 1040 810; baseline -0.007 -11"><span class='ocrx_word' id='word_1_30' title='bbox 103 747 155 801; x_wconf 78' lang='lat' dir='ltr'><strong>ooo</strong></span> <span class='ocrx_word' id='word_1_31' title='bbox 173 731 286 794; x_wconf 90' lang='lat' dir='ltr'><strong>tollitur</strong></span> <span class='ocrx_word' id='word_1_32' title='bbox 308 733 340 792; x_wconf 93' lang='lat' dir='ltr'><strong>in</strong></span> <span class='ocrx_word' id='word_1_33' title='bbox 362 730 459 792; x_wconf 82' lang='lat' dir='ltr'><strong>nubis</strong></span> <span class='ocrx_word' id='word_1_34' title='bbox 496 750 553 810; x_wconf 91' lang='lat' dir='ltr'><strong>quo</strong></span> <span class='ocrx_word' id='word_1_35' title='bbox 577 731 741 792; x_wconf 82' lang='lat' dir='ltr'><strong>cumbere</strong></span> <span class='ocrx_word' id='word_1_36' title='bbox 764 733 877 792; x_wconf 89' lang='lat' dir='ltr'><strong>semina</strong></span> <span class='ocrx_word' id='word_1_37' title='bbox 899 749 1040 810; x_wconf 91' lang='lat' dir='ltr'><strong>aquarum</strong></span> 
     </span>
     <span class='ocr_line' id='line_1_7' title="bbox 173 819 1002 901; baseline -0.002 -19"><span class='ocrx_word' id='word_1_38' title='bbox 173 820 265 882; x_wconf 90' lang='lat' dir='ltr'><strong>multa</strong></span> <span class='ocrx_word' id='word_1_39' title='bbox 287 819 506 881; x_wconf 80' lang='lat' dir='ltr'><strong>modis-multis</strong></span> <span class='ocrx_word' id='word_1_40' title='bbox 529 837 692 881; x_wconf 87' lang='lat' dir='ltr'><strong>convenere</strong></span> <span class='ocrx_word' id='word_1_41' title='bbox 714 819 845 898; x_wconf 84' lang='lat' dir='ltr'><strong>undique</strong></span> <span class='ocrx_word' id='word_1_42' title='bbox 868 819 1002 901; x_wconf 86' lang='lat' dir='ltr'><strong>adaucta,</strong></span> 
     </span>
     <span class='ocr_line' id='line_1_8' title="bbox 174 904 886 970; baseline -0.004 0"><span class='ocrx_word' id='word_1_43' title='bbox 174 908 323 970; x_wconf 81' lang='lat' dir='ltr'><strong>consertae</strong></span> <span class='ocrx_word' id='word_1_44' title='bbox 345 907 441 969; x_wconf 91' lang='lat' dir='ltr'><strong>nubes</strong></span> <span class='ocrx_word' id='word_1_45' title='bbox 462 904 572 969; x_wconf 65' lang='lat' dir='ltr'><strong>coclers</strong></span> <span class='ocrx_word' id='word_1_46' title='bbox 595 905 749 970; x_wconf 81' lang='lat' dir='ltr'><strong>demittere</strong></span> <span class='ocrx_word' id='word_1_47' title='bbox 772 915 886 968; x_wconf 89' lang='lat' dir='ltr'><strong>certant</strong></span> 
     </span>
    </p>

    <p class='ocr_par' dir='ltr' id='par_1_5' title="bbox 104 996 1106 1164">
     <span class='ocr_line' id='line_1_9' title="bbox 104 996 1106 1076; baseline 0.004 -20"><span class='ocrx_word' id='word_1_48' title='bbox 104 1004 157 1056; x_wconf 80' lang='lat'><strong>510</strong></span> <span class='ocrx_word' id='word_1_49' title='bbox 174 996 343 1076; x_wconf 84' lang='lat' dir='ltr'><strong>dupliciter:</strong></span> <span class='ocrx_word' id='word_1_50' title='bbox 365 1014 434 1056; x_wconf 88' lang='lat' dir='ltr'><strong>nam</strong></span> <span class='ocrx_word' id='word_1_51' title='bbox 456 999 501 1056; x_wconf 90' lang='lat' dir='ltr'><strong>vis</strong></span> <span class='ocrx_word' id='word_1_52' title='bbox 523 997 603 1056; x_wconf 90' lang='lat' dir='ltr'><strong>venti</strong></span> <span class='ocrx_word' id='word_1_53' title='bbox 626 996 787 1076; x_wconf 87' lang='lat' dir='ltr'><strong>contrudit,</strong></span> <span class='ocrx_word' id='word_1_54' title='bbox 810 1002 840 1056; x_wconf 90' lang='lat' dir='ltr'><strong>et</strong></span> <span class='ocrx_word' id='word_1_55' title='bbox 861 998 926 1076; x_wconf 86' lang='lat' dir='ltr'><strong>ipsa</strong></span> <span class='ocrx_word' id='word_1_56' title='bbox 1065 1019 1106 1060; x_wconf 78' lang='lat' dir='ltr'><strong>aro</strong></span> 
     </span>
     <span class='ocr_line' id='line_1_10' title="bbox 174 1083 815 1164; baseline -0.002 -19"><span class='ocrx_word' id='word_1_57' title='bbox 174 1087 259 1164; x_wconf 87' lang='lat' dir='ltr'><strong>copia</strong></span> <span class='ocrx_word' id='word_1_58' title='bbox 281 1083 450 1145; x_wconf 84' lang='lat' dir='ltr'><strong>nimborum</strong></span> <span class='ocrx_word' id='word_1_59' title='bbox 471 1083 558 1145; x_wconf 89' lang='lat' dir='ltr'><strong>turba</strong></span> <span class='ocrx_word' id='word_1_60' title='bbox 580 1086 691 1144; x_wconf 88' lang='lat' dir='ltr'><strong>maiore</strong></span> <span class='ocrx_word' id='word_1_61' title='bbox 715 1090 815 1144; x_wconf 89' lang='lat' dir='ltr'><strong>coacta</strong></span> 
     </span>
    </p>

    <p class='ocr_par' dir='ltr' id='par_1_6' title="bbox 103 1169 1097 1430">
     <span class='ocr_line' id='line_1_11' title="bbox 103 1169 1097 1253; baseline -0.008 -13"><span class='ocrx_word' id='word_1_62' title='bbox 103 1189 156 1240; x_wconf 80' lang='lat' dir='ltr'><strong>ooo</strong></span> <span class='ocrx_word' id='word_1_63' title='bbox 173 1179 273 1253; x_wconf 90' lang='lat' dir='ltr'><strong>urget,</strong></span> <span class='ocrx_word' id='word_1_64' title='bbox 297 1172 333 1234; x_wconf 86' lang='lat' dir='ltr'><strong>de</strong></span> <span class='ocrx_word' id='word_1_65' title='bbox 357 1189 464 1251; x_wconf 92' lang='lat' dir='ltr'><strong>supero</strong></span> <span class='ocrx_word' id='word_1_66' title='bbox 487 1174 607 1253; x_wconf 85' lang='lat' dir='ltr'><strong>premit,</strong></span> <span class='ocrx_word' id='word_1_67' title='bbox 630 1191 664 1232; x_wconf 87' lang='lat' dir='ltr'><strong>ac</strong></span> <span class='ocrx_word' id='word_1_68' title='bbox 686 1171 757 1233; x_wconf 90' lang='lat' dir='ltr'><strong>facit</strong></span> <span class='ocrx_word' id='word_1_69' title='bbox 779 1171 901 1233; x_wconf 84' lang='lat' dir='ltr'><strong>ellluere</strong></span> <span class='ocrx_word' id='word_1_70' title='bbox 924 1169 1036 1232; x_wconf 88' lang='lat' dir='ltr'><strong>imbris.</strong></span> <span class='ocrx_word' id='word_1_71' title='bbox 1096 1201 1097 1205; x_wconf 38' lang='lat'>¹</span> 
     </span>
     <span class='ocr_line' id='line_1_12' title="bbox 174 1258 971 1342; baseline -0.003 -20"><span class='ocrx_word' id='word_1_72' title='bbox 174 1268 326 1342; x_wconf 89' lang='lat' dir='ltr'><strong>praeterea</strong></span> <span class='ocrx_word' id='word_1_73' title='bbox 349 1279 416 1321; x_wconf 89' lang='lat' dir='ltr'><strong>oum</strong></span> <span class='ocrx_word' id='word_1_74' title='bbox 438 1267 593 1322; x_wconf 85' lang='lat' dir='ltr'><strong>rarescunt</strong></span> <span class='ocrx_word' id='word_1_75' title='bbox 615 1278 731 1339; x_wconf 91' lang='lat' dir='ltr'><strong>quoque</strong></span> <span class='ocrx_word' id='word_1_76' title='bbox 754 1258 855 1320; x_wconf 91' lang='lat' dir='ltr'><strong>nubila</strong></span> <span class='ocrx_word' id='word_1_77' title='bbox 877 1261 971 1320; x_wconf 89' lang='lat' dir='ltr'><strong>ventis</strong></span> 
     </span>
     <span class='ocr_line' id='line_1_13' title="bbox 175 1347 882 1430; baseline -0.001 -20"><span class='ocrx_word' id='word_1_78' title='bbox 175 1357 225 1411; x_wconf 90' lang='lat' dir='ltr'><strong>aut</strong></span> <span class='ocrx_word' id='word_1_79' title='bbox 246 1348 458 1430; x_wconf 81' lang='lat' dir='ltr'><strong>dissolvuntur,</strong></span> <span class='ocrx_word' id='word_1_80' title='bbox 481 1348 552 1409; x_wconf 88' lang='lat' dir='ltr'><strong>solis</strong></span> <span class='ocrx_word' id='word_1_81' title='bbox 579 1366 670 1427; x_wconf 90' lang='lat' dir='ltr'><strong>super</strong></span> <span class='ocrx_word' id='word_1_82' title='bbox 690 1350 760 1410; x_wconf 56' lang='lat' dir='ltr'><strong>icta&gt;</strong></span> <span class='ocrx_word' id='word_1_83' title='bbox 772 1347 882 1430; x_wconf 85' lang='lat' dir='ltr'><strong>calore,</strong></span> 
     </span>
    </p>

    <p class='ocr_par' dir='ltr' id='par_1_7' title="bbox 104 1435 1105 1604">
     <span class='ocr_line' id='line_1_14' title="bbox 104 1435 1105 1518; baseline 0.002 -22"><span class='ocrx_word' id='word_1_84' title='bbox 104 1443 159 1496; x_wconf 82' lang='lat'><strong>515</strong></span> <span class='ocrx_word' id='word_1_85' title='bbox 173 1440 295 1498; x_wconf 88' lang='lat' dir='ltr'><strong>mittunt</strong></span> <span class='ocrx_word' id='word_1_86' title='bbox 316 1455 450 1498; x_wconf 92' lang='lat' dir='ltr'><strong>umorem</strong></span> <span class='ocrx_word' id='word_1_87' title='bbox 472 1436 615 1517; x_wconf 90' lang='lat' dir='ltr'><strong>pluvium,</strong></span> <span class='ocrx_word' id='word_1_88' title='bbox 638 1435 819 1518; x_wconf 89' lang='lat' dir='ltr'><strong>stillantque,</strong></span> <span class='ocrx_word' id='word_1_89' title='bbox 842 1438 927 1515; x_wconf 88' lang='lat' dir='ltr'><strong>quasi</strong></span> <span class='ocrx_word' id='word_1_90' title='bbox 945 1437 1017 1514; x_wconf 54' lang='lat' dir='ltr'><strong>igni&lt;</strong></span> <span class='ocrx_word' id='word_1_91' title='bbox 1065 1456 1105 1498; x_wconf 81' lang='lat' dir='ltr'><strong>nu</strong></span> 
     </span>
     <span class='ocr_line' id='line_1_15' title="bbox 175 1524 935 1604; baseline -0.003 -18"><span class='ocrx_word' id='word_1_92' title='bbox 175 1544 243 1587; x_wconf 91' lang='lat' dir='ltr'><strong>cera</strong></span> <span class='ocrx_word' id='word_1_93' title='bbox 266 1544 355 1604; x_wconf 91' lang='lat' dir='ltr'><strong>super</strong></span> <span class='ocrx_word' id='word_1_94' title='bbox 378 1524 471 1586; x_wconf 93' lang='lat' dir='ltr'><strong>calido</strong></span> <span class='ocrx_word' id='word_1_95' title='bbox 493 1524 648 1586; x_wconf 79' lang='lat' dir='ltr'><strong>tabescens</strong></span> <span class='ocrx_word' id='word_1_96' title='bbox 671 1524 762 1585; x_wconf 90' lang='lat' dir='ltr'><strong>multa</strong></span> <span class='ocrx_word' id='word_1_97' title='bbox 784 1524 935 1604; x_wconf 88' lang='lat' dir='ltr'><strong>liquescat.</strong></span> 
     </span>
    </p>

    <p class='ocr_par' dir='ltr' id='par_1_8' title="bbox 104 1611 985 1869">
     <span class='ocr_line' id='line_1_16' title="bbox 104 1611 948 1694; baseline -0.008 -14"><span class='ocrx_word' id='word_1_98' title='bbox 104 1613 227 1680; x_wconf 77' lang='lat' dir='ltr'><strong>closed</strong></span> <span class='ocrx_word' id='word_1_99' title='bbox 250 1631 369 1674; x_wconf 90' lang='lat' dir='ltr'><strong>vemens</strong></span> <span class='ocrx_word' id='word_1_100' title='bbox 391 1611 487 1674; x_wconf 87' lang='lat' dir='ltr'><strong>imber</strong></span> <span class='ocrx_word' id='word_1_101' title='bbox 509 1615 554 1694; x_wconf 83' lang='lat' dir='ltr'><strong>ot,</strong></span> <span class='ocrx_word' id='word_1_102' title='bbox 576 1611 629 1673; x_wconf 93' lang='lat' dir='ltr'><strong>ubi</strong></span> <span class='ocrx_word' id='word_1_103' title='bbox 651 1620 802 1673; x_wconf 89' lang='lat' dir='ltr'><strong>vementer</strong></span> <span class='ocrx_word' id='word_1_104' title='bbox 824 1619 948 1691; x_wconf 88' lang='lat' dir='ltr'><strong>utraque</strong></span> 
     </span>
     <span class='ocr_line' id='line_1_17' title="bbox 175 1700 985 1780; baseline -0.001 -18"><span class='ocrx_word' id='word_1_105' title='bbox 175 1700 328 1762; x_wconf 81' lang='lat' dir='ltr'><strong>nubilari</strong></span> <span class='ocrx_word' id='word_1_106' title='bbox 350 1701 494 1762; x_wconf 88' lang='lat' dir='ltr'><strong>cumulata</strong></span> <span class='ocrx_word' id='word_1_107' title='bbox 516 1706 692 1780; x_wconf 88' lang='lat' dir='ltr'><strong>premuntur</strong></span> <span class='ocrx_word' id='word_1_108' title='bbox 714 1708 745 1761; x_wconf 89' lang='lat' dir='ltr'><strong>et</strong></span> <span class='ocrx_word' id='word_1_109' title='bbox 766 1703 875 1779; x_wconf 90' lang='lat' dir='ltr'><strong>impete</strong></span> <span class='ocrx_word' id='word_1_110' title='bbox 897 1702 985 1761; x_wconf 90' lang='lat' dir='ltr'><strong>venti</strong></span> 
     </span>
     <span class='ocr_line' id='line_1_18' title="bbox 175 1789 933 1869; baseline -0.003 -19"><span class='ocrx_word' id='word_1_111' title='bbox 175 1797 263 1868; x_wconf 91' lang='lat' dir='ltr'><strong>atque</strong></span> <span class='ocrx_word' id='word_1_112' title='bbox 285 1797 389 1851; x_wconf 88' lang='lat' dir='ltr'><strong>tenere</strong></span> <span class='ocrx_word' id='word_1_113' title='bbox 411 1790 463 1850; x_wconf 94' lang='lat' dir='ltr'><strong>diu</strong></span> <span class='ocrx_word' id='word_1_114' title='bbox 485 1789 600 1868; x_wconf 85' lang='lat' dir='ltr'><strong>pluviae</strong></span> <span class='ocrx_word' id='word_1_115' title='bbox 622 1789 801 1869; x_wconf 91' lang='lat' dir='ltr'><strong>longumque</strong></span> <span class='ocrx_word' id='word_1_116' title='bbox 823 1791 933 1849; x_wconf 89' lang='lat' dir='ltr'><strong>morari</strong></span> 
     </span>
    </p>

    <p class='ocr_par' dir='ltr' id='par_1_9' title="bbox 104 1876 1106 1959">
     <span class='ocr_line' id='line_1_19' title="bbox 104 1876 1106 1959; baseline 0.003 -21"><span class='ocrx_word' id='word_1_117' title='bbox 104 1885 162 1938; x_wconf 79' lang='lat'><strong>520</strong></span> <span class='ocrx_word' id='word_1_118' title='bbox 173 1885 365 1959; x_wconf 87' lang='lat' dir='ltr'><strong>consuerunt,</strong></span> <span class='ocrx_word' id='word_1_119' title='bbox 387 1876 552 1938; x_wconf 85' lang='lat' dir='ltr'><strong>ubimulta</strong></span> <span class='ocrx_word' id='word_1_120' title='bbox 574 1880 690 1939; x_wconf 86' lang='lat' dir='ltr'><strong>cientur</strong></span> <span class='ocrx_word' id='word_1_121' title='bbox 711 1879 823 1937; x_wconf 90' lang='lat' dir='ltr'><strong>semina</strong></span> <span class='ocrx_word' id='word_1_122' title='bbox 846 1895 1000 1958; x_wconf 87' lang='lat' dir='ltr'><strong>aquarum,</strong></span> <span class='ocrx_word' id='word_1_123' title='bbox 1065 1899 1106 1941; x_wconf 82' lang='lat' dir='ltr'><strong>mo</strong></span> 
     </span>
    </p>

    <p class='ocr_par' dir='ltr' id='par_1_10' title="bbox 134 1965 888 2045">
     <span class='ocr_line' id='line_1_20' title="bbox 134 1965 888 2045; baseline 0 -20"><span class='ocrx_word' id='word_1_124' title='bbox 134 2019 143 2028; x_wconf 73' lang='grc'><strong>.,</strong></span> <span class='ocrx_word' id='word_1_125' title='bbox 175 1973 262 2045; x_wconf 89' lang='lat' dir='ltr'><strong>atque</strong></span> <span class='ocrx_word' id='word_1_126' title='bbox 283 1966 350 2034; x_wconf 84' lang='lat' dir='ltr'><strong>¹aliis</strong></span> <span class='ocrx_word' id='word_1_127' title='bbox 372 1965 445 2026; x_wconf 91' lang='lat' dir='ltr'><strong>aliae</strong></span> <span class='ocrx_word' id='word_1_128' title='bbox 468 1965 561 2026; x_wconf 91' lang='lat' dir='ltr'><strong>nubes</strong></span> <span class='ocrx_word' id='word_1_129' title='bbox 583 1965 735 2044; x_wconf 89' lang='lat' dir='ltr'><strong>nimbique</strong></span> <span class='ocrx_word' id='word_1_130' title='bbox 758 1967 888 2044; x_wconf 88' lang='lat' dir='ltr'><strong>rigantes</strong></span> 
     </span>
    </p>

    <p class='ocr_par' dir='ltr' id='par_1_11' title="bbox 104 2053 997 2311">
     <span class='ocr_line' id='line_1_21' title="bbox 104 2053 955 2134; baseline -0.007 -15"><span class='ocrx_word' id='word_1_131' title='bbox 104 2070 157 2120; x_wconf 80' lang='lat'><strong>515</strong></span> <span class='ocrx_word' id='word_1_132' title='bbox 176 2057 298 2133; x_wconf 88' lang='lat' dir='ltr'><strong>insuper</strong></span> <span class='ocrx_word' id='word_1_133' title='bbox 320 2060 407 2132; x_wconf 87' lang='lat' dir='ltr'><strong>atque</strong></span> <span class='ocrx_word' id='word_1_134' title='bbox 430 2056 511 2114; x_wconf 93' lang='lat' dir='ltr'><strong>omni</strong></span> <span class='ocrx_word' id='word_1_135' title='bbox 533 2053 618 2133; x_wconf 90' lang='lat' dir='ltr'><strong>vulgo</strong></span> <span class='ocrx_word' id='word_1_136' title='bbox 641 2054 677 2114; x_wconf 92' lang='lat' dir='ltr'><strong>de</strong></span> <span class='ocrx_word' id='word_1_137' title='bbox 700 2060 783 2132; x_wconf 81' lang='lat' dir='ltr'><strong>perte</strong></span> <span class='ocrx_word' id='word_1_138' title='bbox 806 2053 955 2134; x_wconf 84' lang='lat' dir='ltr'><strong>feruntur,</strong></span> 
     </span>
     <span class='ocr_line' id='line_1_22' title="bbox 174 2141 997 2221; baseline -0.002 -18"><span class='ocrx_word' id='word_1_139' title='bbox 174 2148 311 2221; x_wconf 91' lang='lat' dir='ltr'><strong>terraque</strong></span> <span class='ocrx_word' id='word_1_140' title='bbox 335 2160 402 2202; x_wconf 92' lang='lat' dir='ltr'><strong>cum</strong></span> <span class='ocrx_word' id='word_1_141' title='bbox 424 2142 540 2202; x_wconf 83' lang='lat' dir='ltr'><strong>fumans</strong></span> <span class='ocrx_word' id='word_1_142' title='bbox 562 2159 696 2202; x_wconf 91' lang='lat' dir='ltr'><strong>umorem</strong></span> <span class='ocrx_word' id='word_1_143' title='bbox 717 2148 778 2202; x_wconf 88' lang='lat' dir='ltr'><strong>tota</strong></span> <span class='ocrx_word' id='word_1_144' title='bbox 800 2141 939 2202; x_wconf 89' lang='lat' dir='ltr'><strong>redbalat.</strong></span> <span class='ocrx_word' id='word_1_145' title='bbox 996 2150 997 2154; x_wconf 77' lang='grc'>’</span> 
     </span>
     <span class='ocr_line' id='line_1_23' title="bbox 174 2229 976 2311; baseline 0 -21"><span class='ocrx_word' id='word_1_146' title='bbox 174 2230 224 2290; x_wconf 91' lang='lat' dir='ltr'><strong>hic</strong></span> <span class='ocrx_word' id='word_1_147' title='bbox 245 2229 298 2291; x_wconf 92' lang='lat' dir='ltr'><strong>ubi</strong></span> <span class='ocrx_word' id='word_1_148' title='bbox 320 2230 365 2289; x_wconf 92' lang='lat' dir='ltr'><strong>sol</strong></span> <span class='ocrx_word' id='word_1_149' title='bbox 386 2230 491 2311; x_wconf 89' lang='lat' dir='ltr'><strong>radiis,</strong></span> <span class='ocrx_word' id='word_1_150' title='bbox 513 2237 718 2309; x_wconf 83' lang='lat' dir='ltr'><strong>tempestatem</strong></span> <span class='ocrx_word' id='word_1_151' title='bbox 742 2232 821 2290; x_wconf 89' lang='lat' dir='ltr'><strong>inter</strong></span> <span class='ocrx_word' id='word_1_152' title='bbox 843 2247 976 2311; x_wconf 83' lang='lat' dir='ltr'><strong>opacam,</strong></span> 
     </span>
    </p>

    <p class='ocr_par' dir='ltr' id='par_1_12' title="bbox 104 2317 1105 2484">
     <span class='ocr_line' id='line_1_24' title="bbox 104 2317 1105 2399; baseline 0.006 -22"><span class='ocrx_word' id='word_1_153' title='bbox 104 2324 159 2377; x_wconf 77' lang='lat'><strong>525</strong></span> <span class='ocrx_word' id='word_1_154' title='bbox 175 2318 296 2379; x_wconf 88' lang='lat' dir='ltr'><strong>adversa</strong></span> <span class='ocrx_word' id='word_1_155' title='bbox 318 2318 403 2396; x_wconf 79' lang='lat' dir='ltr'><strong>fulgit</strong></span> <span class='ocrx_word' id='word_1_156' title='bbox 425 2317 592 2378; x_wconf 88' lang='lat' dir='ltr'><strong>nimborum</strong></span> <span class='ocrx_word' id='word_1_157' title='bbox 615 2320 769 2397; x_wconf 88' lang='lat' dir='ltr'><strong>aspargine</strong></span> <span class='ocrx_word' id='word_1_158' title='bbox 792 2325 907 2399; x_wconf 86' lang='lat' dir='ltr'><strong>contra,</strong></span> <span class='ocrx_word' id='word_1_159' title='bbox 1064 2341 1105 2383; x_wconf 75' lang='lat' dir='ltr'><strong>ers</strong></span> 
     </span>
     <span class='ocr_line' id='line_1_25' title="bbox 174 2405 1085 2484; baseline 0.001 -19"><span class='ocrx_word' id='word_1_160' title='bbox 174 2413 237 2466; x_wconf 92' lang='lat' dir='ltr'><strong>tum</strong></span> <span class='ocrx_word' id='word_1_161' title='bbox 260 2405 341 2467; x_wconf 88' lang='lat' dir='ltr'><strong>color</strong></span> <span class='ocrx_word' id='word_1_162' title='bbox 362 2409 394 2465; x_wconf 92' lang='lat' dir='ltr'><strong>in</strong></span> <span class='ocrx_word' id='word_1_163' title='bbox 416 2408 510 2484; x_wconf 89' lang='lat' dir='ltr'><strong>nigris</strong></span> <span class='ocrx_word' id='word_1_164' title='bbox 534 2408 634 2466; x_wconf 79' lang='lat' dir='ltr'><strong>existit</strong></span> <span class='ocrx_word' id='word_1_165' title='bbox 654 2405 783 2467; x_wconf 91' lang='lat' dir='ltr'><strong>nubibus</strong></span> <span class='ocrx_word' id='word_1_166' title='bbox 806 2408 899 2484; x_wconf 89' lang='lat' dir='ltr'><strong>arqui.</strong></span> <span class='ocrx_word' id='word_1_167' title='bbox 1021 2426 1023 2428; x_wconf 84' lang='lat'>·</span> <span class='ocrx_word' id='word_1_168' title='bbox 1084 2413 1085 2417; x_wconf 78' lang='grc'>’</span> 
     </span>
    </p>

    <p class='ocr_par' dir='ltr' id='par_1_13' title="bbox 103 2493 1107 2751">
     <span class='ocr_line' id='line_1_26' title="bbox 103 2493 1107 2577; baseline 0.002 -23"><span class='ocrx_word' id='word_1_169' title='bbox 103 2511 156 2561; x_wconf 78' lang='lat'><strong>520</strong></span> <span class='ocrx_word' id='word_1_170' title='bbox 219 2493 323 2555; x_wconf 85' lang='lat' dir='ltr'><strong>Cetera</strong></span> <span class='ocrx_word' id='word_1_171' title='bbox 350 2512 424 2572; x_wconf 86' lang='lat' dir='ltr'><strong>quae</strong></span> <span class='ocrx_word' id='word_1_172' title='bbox 452 2512 570 2555; x_wconf 88' lang='lat' dir='ltr'><strong>sursum</strong></span> <span class='ocrx_word' id='word_1_173' title='bbox 595 2502 732 2555; x_wconf 89' lang='lat' dir='ltr'><strong>crescunt</strong></span> <span class='ocrx_word' id='word_1_174' title='bbox 753 2513 930 2573; x_wconf 85' lang='lat' dir='ltr'><strong>sursumque</strong></span> <span class='ocrx_word' id='word_1_175' title='bbox 953 2503 1107 2577; x_wconf 70' lang='lat' dir='ltr'><strong>creantur,</strong></span> 
     </span>
     <span class='ocr_line' id='line_1_27' title="bbox 176 2581 1029 2664; baseline 0.001 -22"><span class='ocrx_word' id='word_1_176' title='bbox 176 2589 206 2642; x_wconf 89' lang='lat' dir='ltr'><strong>et</strong></span> <span class='ocrx_word' id='word_1_177' title='bbox 228 2600 309 2660; x_wconf 53' lang='lat' dir='ltr'><strong>quae,</strong></span> <span class='ocrx_word' id='word_1_178' title='bbox 324 2589 520 2643; x_wconf 89' lang='lat' dir='ltr'><strong>concrescunt</strong></span> <span class='ocrx_word' id='word_1_179' title='bbox 541 2585 572 2644; x_wconf 93' lang='lat' dir='ltr'><strong>in</strong></span> <span class='ocrx_word' id='word_1_180' title='bbox 594 2581 736 2664; x_wconf 86' lang='lat' dir='ltr'><strong>nubibus,</strong></span> <span class='ocrx_word' id='word_1_181' title='bbox 760 2585 869 2662; x_wconf 87' lang='lat' dir='ltr'><strong>omnia,</strong></span> <span class='ocrx_word' id='word_1_182' title='bbox 891 2601 1029 2662; x_wconf 91' lang='lat' dir='ltr'><strong>prorsum</strong></span> 
     </span>
     <span class='ocr_line' id='line_1_28' title="bbox 175 2670 1036 2751; baseline 0.002 -22"><span class='ocrx_word' id='word_1_183' title='bbox 175 2672 285 2751; x_wconf 91' lang='lat' dir='ltr'><strong>omnia,</strong></span> <span class='ocrx_word' id='word_1_184' title='bbox 306 2672 358 2730; x_wconf 87' lang='lat' dir='ltr'><strong>nix</strong></span> <span class='ocrx_word' id='word_1_185' title='bbox 380 2673 461 2731; x_wconf 86' lang='lat' dir='ltr'><strong>venti</strong></span> <span class='ocrx_word' id='word_1_186' title='bbox 483 2670 593 2749; x_wconf 85' lang='lat' dir='ltr'><strong>grando</strong></span> <span class='ocrx_word' id='word_1_187' title='bbox 616 2670 786 2749; x_wconf 82' lang='lat' dir='ltr'><strong>gelidaeque</strong></span> <span class='ocrx_word' id='word_1_188' title='bbox 808 2672 931 2749; x_wconf 88' lang='lat' dir='ltr'><strong>pruinae</strong></span> <span class='ocrx_word' id='word_1_189' title='bbox 1033 2690 1036 2716; x_wconf 76' lang='lat'><em>³</em></span> 
     </span>
    </p>

    <p class='ocr_par' dir='ltr' id='par_1_14' title="bbox 103 2757 1108 2928">
     <span class='ocr_line' id='line_1_29' title="bbox 103 2757 1108 2839; baseline 0.007 -23"><span class='ocrx_word' id='word_1_190' title='bbox 103 2763 159 2816; x_wconf 85' lang='lat'><strong>530</strong></span> <span class='ocrx_word' id='word_1_191' title='bbox 176 2765 205 2818; x_wconf 87' lang='lat' dir='ltr'><strong>et</strong></span> <span class='ocrx_word' id='word_1_192' title='bbox 226 2759 271 2818; x_wconf 87' lang='lat' dir='ltr'><strong>vis</strong></span> <span class='ocrx_word' id='word_1_193' title='bbox 294 2776 399 2837; x_wconf 88' lang='lat' dir='ltr'><strong>magna</strong></span> <span class='ocrx_word' id='word_1_194' title='bbox 421 2757 490 2839; x_wconf 88' lang='lat' dir='ltr'><strong>geli,</strong></span> <span class='ocrx_word' id='word_1_195' title='bbox 513 2776 651 2836; x_wconf 88' lang='lat' dir='ltr'><strong>magnum</strong></span> <span class='ocrx_word' id='word_1_196' title='bbox 673 2759 815 2819; x_wconf 88' lang='lat' dir='ltr'><strong>duramen</strong></span> <span class='ocrx_word' id='word_1_197' title='bbox 838 2776 993 2838; x_wconf 88' lang='lat' dir='ltr'><strong>aquarum,</strong></span> <span class='ocrx_word' id='word_1_198' title='bbox 1058 2757 1108 2823; x_wconf 80' lang='lat' dir='ltr'><strong>seo·</strong></span> 
     </span>
     <span class='ocr_line' id='line_1_30' title="bbox 179 2837 1099 2928; baseline 0 -22"><span class='ocrx_word' id='word_1_199' title='bbox 179 2837 187 2926; x_wconf 73' lang='lat' dir='ltr'><strong>ll</strong></span> <span class='ocrx_word' id='word_1_200' title='bbox 201 2853 230 2906; x_wconf 91' lang='lat' dir='ltr'><strong>et</strong></span> <span class='ocrx_word' id='word_1_201' title='bbox 251 2865 333 2907; x_wconf 89' lang='lat' dir='ltr'><strong>mora</strong></span> <span class='ocrx_word' id='word_1_202' title='bbox 357 2867 430 2927; x_wconf 90' lang='lat' dir='ltr'><strong>quae</strong></span> <span class='ocrx_word' id='word_1_203' title='bbox 453 2849 558 2909; x_wconf 86' lang='lat' dir='ltr'><strong>fluvios</strong></span> <span class='ocrx_word' id='word_1_204' title='bbox 580 2850 688 2927; x_wconf 87' lang='lat' dir='ltr'><strong>passim</strong></span> <span class='ocrx_word' id='word_1_205' title='bbox 712 2847 841 2908; x_wconf 90' lang='lat' dir='ltr'><strong>refrenat</strong></span> <span class='ocrx_word' id='word_1_206' title='bbox 864 2849 973 2926; x_wconf 90' lang='lat' dir='ltr'><strong>euntis,</strong></span> <span class='ocrx_word' id='word_1_207' title='bbox 986 2840 995 2928; x_wconf 78' lang='grc' dir='ltr'><strong>ΙΙ</strong></span> <span class='ocrx_word' id='word_1_208' title='bbox 1035 2862 1038 2914; x_wconf 80' lang='grc' dir='ltr'>ζ</span> <span class='ocrx_word' id='word_1_209' title='bbox 1097 2883 1099 2886; x_wconf 93' lang='grc'>-</span> 
     </span>
    </p>

    <p class='ocr_par' dir='ltr' id='par_1_15' title="bbox 101 2931 1103 3191">
     <span class='ocr_line' id='line_1_31' title="bbox 101 2931 1011 3017; baseline -0.009 -16"><span class='ocrx_word' id='word_1_210' title='bbox 101 2955 155 3005; x_wconf 74' lang='lat' dir='ltr'><strong>ons</strong></span> <span class='ocrx_word' id='word_1_211' title='bbox 173 2937 342 3017; x_wconf 85' lang='lat' dir='ltr'><strong>perfacilest</strong></span> <span class='ocrx_word' id='word_1_212' title='bbox 363 2943 461 2997; x_wconf 89' lang='lat' dir='ltr'><strong>tamen</strong></span> <span class='ocrx_word' id='word_1_213' title='bbox 483 2936 555 2996; x_wconf 90' lang='lat' dir='ltr'><strong>baec</strong></span> <span class='ocrx_word' id='word_1_214' title='bbox 578 2937 710 3013; x_wconf 89' lang='lat' dir='ltr'><strong>reperire</strong></span> <span class='ocrx_word' id='word_1_215' title='bbox 733 2931 1011 3010; x_wconf 76' lang='lat' dir='ltr'><strong>animoquevidere</strong></span> 
     </span>
     <span class='ocr_line' id='line_1_32' title="bbox 174 3019 984 3104; baseline -0.009 -18"><span class='ocrx_word' id='word_1_216' title='bbox 174 3028 271 3086; x_wconf 86' lang='lat' dir='ltr'><strong>omnia</strong></span> <span class='ocrx_word' id='word_1_217' title='bbox 293 3043 351 3104; x_wconf 92' lang='lat' dir='ltr'><strong>quo</strong></span> <span class='ocrx_word' id='word_1_218' title='bbox 373 3031 457 3103; x_wconf 90' lang='lat' dir='ltr'><strong>pacto</strong></span> <span class='ocrx_word' id='word_1_219' title='bbox 480 3025 551 3083; x_wconf 85' lang='lat' dir='ltr'><strong>fiant</strong></span> <span class='ocrx_word' id='word_1_220' title='bbox 573 3041 630 3101; x_wconf 91' lang='lat' dir='ltr'><strong>qua</strong></span> <span class='ocrx_word' id='word_1_221' title='bbox 652 3040 720 3083; x_wconf 90' lang='lat' dir='ltr'><strong>reve</strong></span> <span class='ocrx_word' id='word_1_222' title='bbox 744 3022 916 3100; x_wconf 80' lang='lat' dir='ltr'><strong>creentur,</strong></span> <span class='ocrx_word' id='word_1_223' title='bbox 983 3019 984 3022; x_wconf 72' lang='grc'>’</span> 
     </span>
     <span class='ocr_line' id='line_1_33' title="bbox 174 3109 1103 3191; baseline -0.005 -16"><span class='ocrx_word' id='word_1_224' title='bbox 174 3132 240 3175; x_wconf 90' lang='lat' dir='ltr'><strong>cum</strong></span> <span class='ocrx_word' id='word_1_225' title='bbox 262 3113 338 3174; x_wconf 91' lang='lat' dir='ltr'><strong>hene</strong></span> <span class='ocrx_word' id='word_1_226' title='bbox 361 3114 497 3191; x_wconf 90' lang='lat' dir='ltr'><strong>cognoris</strong></span> <span class='ocrx_word' id='word_1_227' title='bbox 520 3110 674 3172; x_wconf 90' lang='lat' dir='ltr'><strong>elementis</strong></span> <span class='ocrx_word' id='word_1_228' title='bbox 696 3110 810 3170; x_wconf 88' lang='lat' dir='ltr'><strong>reddita</strong></span> <span class='ocrx_word' id='word_1_229' title='bbox 833 3126 906 3187; x_wconf 87' lang='lat' dir='ltr'><strong>quae</strong></span> <span class='ocrx_word' id='word_1_230' title='bbox 930 3109 998 3168; x_wconf 89' lang='lat' dir='ltr'><strong>sint.</strong></span> <span class='ocrx_word' id='word_1_231' title='bbox 1063 3129 1103 3170; x_wconf 75' lang='lat' dir='ltr'><strong>sor</strong></span> 
     </span>
    </p>

    <p class='ocr_par' dir='ltr' id='par_1_16' title="bbox 173 3219 1111 3458">
     <span class='ocr_line' id='line_1_34' title="bbox 596 3219 1040 3256; baseline -0.002 -20"><span class='ocrx_word' id='word_1_232' title='bbox 596 3219 613 3256; x_wconf 60' lang='lat'>*</span> <span class='ocrx_word' id='word_1_233' title='bbox 1038 3220 1040 3235; x_wconf 75' lang='grc'><strong>,</strong></span> 
     </span>
     <span class='ocr_line' id='line_1_35' title="bbox 216 3286 1111 3368; baseline -0.01 -18"><span class='ocrx_word' id='word_1_234' title='bbox 216 3288 366 3368; x_wconf 86' lang='lat' dir='ltr'><strong>Principio</strong></span> <span class='ocrx_word' id='word_1_235' title='bbox 388 3307 469 3350; x_wconf 87' lang='lat' dir='ltr'><strong>mare</strong></span> <span class='ocrx_word' id='word_1_236' title='bbox 492 3289 637 3348; x_wconf 88' lang='lat' dir='ltr'><strong>mirantur</strong></span> <span class='ocrx_word' id='word_1_237' title='bbox 658 3304 718 3346; x_wconf 93' lang='lat' dir='ltr'><strong>non</strong></span> <span class='ocrx_word' id='word_1_238' title='bbox 740 3286 863 3347; x_wconf 91' lang='lat' dir='ltr'><strong>reddere</strong></span> <span class='ocrx_word' id='word_1_239' title='bbox 887 3287 981 3345; x_wconf 93' lang='lat' dir='ltr'><strong>maius</strong></span> <span class='ocrx_word' id='word_1_240' title='bbox 1063 3296 1111 3342; x_wconf 78' lang='lat' dir='ltr'><strong>soe·</strong></span> 
     </span>
     <span class='ocr_line' id='line_1_36' title="bbox 173 3375 926 3458; baseline -0.004 -20"><span class='ocrx_word' id='word_1_241' title='bbox 173 3385 320 3458; x_wconf 87' lang='lat' dir='ltr'><strong>naturam,</strong></span> <span class='ocrx_word' id='word_1_242' title='bbox 343 3395 400 3456; x_wconf 91' lang='lat' dir='ltr'><strong>quo</strong></span> <span class='ocrx_word' id='word_1_243' title='bbox 424 3379 464 3437; x_wconf 87' lang='lat' dir='ltr'><strong>sit</strong></span> <span class='ocrx_word' id='word_1_244' title='bbox 484 3383 583 3437; x_wconf 88' lang='lat' dir='ltr'><strong>tantus</strong></span> <span class='ocrx_word' id='word_1_245' title='bbox 606 3375 749 3435; x_wconf 90' lang='lat' dir='ltr'><strong>decursus</strong></span> <span class='ocrx_word' id='word_1_246' title='bbox 773 3393 926 3454; x_wconf 86' lang='lat' dir='ltr'><strong>aquarum,</strong></span> 
     </span>
    </p>

    <p class='ocr_par' dir='ltr' id='par_1_17' title="bbox 103 3463 1104 3544">
     <span class='ocr_line' id='line_1_37' title="bbox 103 3463 1104 3544; baseline -0.012 -10"><span class='ocrx_word' id='word_1_247' title='bbox 103 3483 155 3533; x_wconf 80' lang='lat' dir='ltr'><strong>oto</strong></span> <span class='ocrx_word' id='word_1_248' title='bbox 174 3469 271 3527; x_wconf 92' lang='lat' dir='ltr'><strong>omnia</strong></span> <span class='ocrx_word' id='word_1_249' title='bbox 294 3483 352 3544; x_wconf 91' lang='lat' dir='ltr'><strong>quo</strong></span> <span class='ocrx_word' id='word_1_250' title='bbox 370 3468 488 3526; x_wconf 86' lang='lat' dir='ltr'><strong>veniant</strong></span> <span class='ocrx_word' id='word_1_251' title='bbox 511 3483 548 3525; x_wconf 88' lang='lat' dir='ltr'><strong>ex</strong></span> <span class='ocrx_word' id='word_1_252' title='bbox 570 3465 651 3524; x_wconf 94' lang='lat' dir='ltr'><strong>omni</strong></span> <span class='ocrx_word' id='word_1_253' title='bbox 672 3463 794 3523; x_wconf 85' lang='lat' dir='ltr'><strong>flumina</strong></span> <span class='ocrx_word' id='word_1_254' title='bbox 815 3469 906 3542; x_wconf 86' lang='lat' dir='ltr'><strong>parte.</strong></span> <span class='ocrx_word' id='word_1_255' title='bbox 1063 3483 1104 3523; x_wconf 80' lang='lat' dir='ltr'><strong>cro</strong></span> 
     </span>
    </p>

    <p class='ocr_par' dir='ltr' id='par_1_18' title="bbox 102 3550 918 3632">
     <span class='ocr_line' id='line_1_38' title="bbox 102 3550 918 3632; baseline -0.002 -19"><span class='ocrx_word' id='word_1_256' title='bbox 102 3554 246 3615; x_wconf 83' lang='lat' dir='ltr'><strong>611adde</strong></span> <span class='ocrx_word' id='word_1_257' title='bbox 269 3571 357 3632; x_wconf 90' lang='lat' dir='ltr'><strong>vagos</strong></span> <span class='ocrx_word' id='word_1_258' title='bbox 380 3552 484 3614; x_wconf 91' lang='lat' dir='ltr'><strong>imbris</strong></span> <span class='ocrx_word' id='word_1_259' title='bbox 505 3558 754 3631; x_wconf 87' lang='lat' dir='ltr'><strong>tempestatesque</strong></span> <span class='ocrx_word' id='word_1_260' title='bbox 777 3550 918 3631; x_wconf 90' lang='lat' dir='ltr'><strong>volantes,</strong></span> 
     </span>
    </p>
   </div>
   <div class='ocr_carea' id='block_1_3' title="bbox 0 0 1224 3998">
    <p class='ocr_par' dir='ltr' id='par_1_19' title="bbox 0 0 1224 3998">
     <span class='ocr_line' id='line_1_39' title="bbox 0 0 1224 3998; baseline 0 0"><span class='ocrx_word' id='word_1_261' title='bbox 0 0 1224 3998; x_wconf 95' lang='lat' dir='ltr'><strong> </strong></span> 
     </span>
    </p>
   </div>
  </div>
 </body>
</html>
