2438 3998
591 244 615 299 V

170 385 321 468 flabraque
344 396 498 450 ventorum
520 389 647 450 violento
670 387 789 450 turbiue
812 397 925 451 vexant.

172 484 325 556 praeterea
348 495 441 557 genus
464 477 643 539 horriferum
665 486 769 539 natura
791 477 920 539 serarum

171 565 316 626 humanae
339 568 421 645 genti
442 566 583 627 infestum
604 573 742 645 terraque
764 568 897 646 marique

101 670 153 719 210
173 672 226 714 cur
249 653 301 714 alit
323 661 410 733 atque
433 651 541 733 auget?
577 673 630 715 cur
652 656 722 715 anni
743 660 877 733 tempora
899 655 1018 716 morbos
1064 677 1104 718 sao

101 757 154 809 221
172 738 347 821 adportant?
383 759 473 821 quare
495 761 576 803 mors
598 745 744 803 inmatura
766 739 908 822 vagatur?

172 837 235 890 tum
257 848 346 909 porro
369 849 457 911 puer,
478 838 513 891 ut
534 833 630 892 saevis
651 832 802 910 proiectus
823 829 859 890 ab
881 831 969 891 undis

173 921 282 1000 navita,
305 918 402 979 nudus
424 919 508 980 humi
529 921 618 999 iacet,
640 919 751 999 iulans,
774 918 892 997 indigus
916 921 997 979 omni

172 1005 254 1067 vitali
276 1006 399 1087 auxilio,
422 1027 489 1068 cum
511 1010 640 1087 primum
662 1009 693 1068 in
715 1007 837 1067 luminis
859 1024 927 1067 oras

102 1110 155 1159 215
173 1093 292 1154 nixibus
315 1113 352 1154 ex
374 1095 438 1154 alvo
461 1097 563 1156 matris
586 1102 689 1156 natura
710 1095 854 1175 profudit,
1065 1113 1105 1156 rto

102 1197 163 1250 226
173 1185 330 1261 vagituque
352 1181 451 1243 locum
472 1182 591 1262 lugubri
613 1183 753 1263 complet,
774 1191 808 1244 ut
830 1189 986 1262 aequumst

175 1273 223 1331 cui
244 1279 358 1331 tantum
381 1273 413 1331 in
434 1273 494 1332 vita
516 1277 607 1332 restet
628 1274 756 1332 transire
778 1270 929 1332 malorum.

175 1366 204 1419 at
225 1361 323 1420 variae
346 1367 484 1422 crescunt
505 1360 634 1439 pecudes
657 1367 788 1420 armenta
811 1359 962 1439 feraeque,

174 1465 229 1508 uec
245 1448 440 1528 ‘crepitacillis
462 1466 537 1528 opus
560 1455 619 1528 est,
641 1466 696 1508 uec
719 1450 856 1526 cuiquam
879 1447 1072 1508 adhibendast

104 1552 156 1601 220
175 1535 266 1597 almae
289 1539 415 1597 nutricis
437 1536 542 1597 blanda
564 1543 651 1615 atque
673 1536 796 1596 infracta
818 1535 957 1616 loquella,
1066 1557 1105 1598 100

103 1640 158 1690 231
175 1643 230 1685 uec
252 1627 346 1685 varias
370 1631 516 1703 quaerunt
536 1631 633 1684 vestes
655 1642 710 1703 pro
732 1632 865 1702 tempore
888 1623 975 1703 caeli,

175 1713 302 1791 denique
325 1731 385 1773 uon
407 1715 497 1773 armis
520 1729 594 1791 opus
617 1719 675 1792 est,
696 1729 757 1772 non
779 1711 934 1772 moenibus
957 1711 1037 1792 altis,

176 1803 242 1879 quis
266 1818 319 1860 sua
340 1807 487 1880 tutentur,
510 1799 626 1878 quaudo
650 1798 786 1860 omuibus
809 1801 906 1859 omnia
928 1799 1008 1879 large

175 1887 263 1948 tellus
286 1890 350 1966 ipsa
372 1890 451 1968 parit
472 1896 633 1967 naturaque
657 1887 776 1948 daedala
797 1905 907 1948 rerum.

104 1992 156 2042 225
218 1975 367 2055 Principio
390 1979 528 2055 quoniam
550 1978 641 2036 terrai
663 1994 770 2055 corpus
792 1982 823 2036 et
843 1993 930 2036 umor
1065 1994 1106 2037 000

105 2080 162 2132 236
174 2082 370 2143 aurarumque
393 2063 472 2125 leves
495 2066 608 2125 animae
631 2063 776 2143 calidique
798 2081 934 2144 vapores,

176 2170 192 2213 e
215 2151 323 2231 quibus
345 2152 418 2213 haec
440 2171 541 2214 rerum
564 2153 727 2213 consistere
750 2170 864 2212 summa
885 2152 1015 2231 videtur,

176 2243 274 2300 omnia
296 2243 393 2301 nativo
417 2259 451 2301 ac
468 2239 586 2301 mortali
608 2258 731 2320 corpore
754 2247 902 2321 constant,

176 2328 263 2388 debet
286 2328 390 2388 ecdem
413 2331 508 2389 omnis
531 2328 635 2390 mundi
656 2336 761 2389 natura
782 2331 889 2409 putari.

105 2432 158 2480 200
176 2419 285 2495 quippe
307 2419 431 2498 etenim,
454 2435 579 2496 quorum
601 2420 694 2496 partis
717 2424 747 2478 et
768 2417 900 2478 membra
919 2416 1052 2477 ridemus
1067 2438 1107 2479 no

104 2520 160 2572 241
175 2522 298 2583 corpore
321 2507 419 2565 nativo
443 2523 476 2566 00
499 2505 672 2566 mortalibus
694 2523 760 2566 0000
783 2506 898 2584 liguris,

175 2593 248 2653 haec
270 2592 373 2653 eadem
395 2593 487 2655 ferme
510 2593 644 2655 mortalia
666 2595 816 2654 cernimus
840 2611 906 2654 esse

177 2688 207 2741 et
228 2683 324 2741 nativa
346 2681 443 2742 simul.
480 2690 658 2761 quapropter
680 2684 806 2742 maxima
828 2679 932 2740 muudi

176 2787 243 2829 oum
265 2769 379 2830 videam
401 2770 532 2831 membra
555 2788 588 2830 00
610 2771 704 2848 partis
726 2776 899 2846 consumpta
921 2768 1049 2847 regigui,

106 2859 253 2922 20000110
276 2856 345 2918 licet
368 2857 442 2918 00011
464 2875 580 2936 quoque
603 2859 674 2917 item
696 2864 851 2935 terraeque
875 2855 966 2915 luisse
1068 2875 1107 2917 ns

105 2960 163 3012 246
173 2944 347 3025 principiale
370 2944 487 3024 aliquod
509 2952 626 3023 tempus
649 2944 819 3023 clademque
842 2943 978 3004 futuram.

219 3033 293 3093 lllud
316 3035 348 3093 in
370 3032 417 3092 his
440 3032 529 3093 rebus
551 3050 589 3092 nc
613 3035 792 3111 corripuisse
814 3034 909 3093 rearis

175 3139 223 3182 me
246 3121 332 3202 mihi,
355 3121 433 3200 quod
456 3128 566 3181 terram
589 3127 676 3199 atque
698 3123 798 3199 ignem
819 3119 953 3180 mortalia
976 3120 1090 3197 sumpsi

176 3228 256 3290 esse,
279 3228 375 3288 neque
398 3227 532 3270 umorem
556 3208 686 3270 dubitavi
707 3227 852 3288 aurasque
874 3210 986 3288 perire,

105 3313 158 3361 210
177 3306 263 3376 atque
287 3297 389 3358 eadem
411 3299 493 3376 gigni
514 3314 677 3376 rursusque
701 3315 859 3376 augescere
882 3296 956 3356 dixi:
1070 3315 1110 3359 aso

104 3387 322 3464 251principi0
344 3403 413 3464 pars
435 3387 528 3446 terrai
550 3384 701 3465 nonnulla,
723 3392 845 3465 pemsta

177 3473 289 3534 solibus
311 3472 455 3554 adsiduis,
477 3471 569 3534 multa
591 3471 705 3552 pulsata
727 3473 835 3552 pedum
859 3475 900 3552 vi,

175 3561 306 3641 pulveris
329 3560 444 3622 exhalat
465 3561 603 3622 nebulam
625 3560 781 3641 nubesque
801 3559 952 3636 uolantis,
