2438 3998
119 256 183 320 132
605 257 631 311 V
698 308 700 313 .

117 421 151 470 no
169 404 218 466 ille
241 402 335 464 leonis
358 402 476 462 obesset
497 409 528 462 et
548 402 674 463 horrens
697 402 839 463 Arcadius
862 399 935 463 sus?
1099 427 1127 470 25

171 492 276 571 quidve
298 493 457 570 tripectora
479 492 637 569 tergemini
661 492 705 550 ris
729 489 874 570 Geryonai
1096 514 1123 551 2⁸

117 683 151 734 31
169 675 250 728 tanto
274 685 363 745 opere
387 667 539 726 officerent
560 666 647 727 nobis
671 666 837 745 Stymphala
861 663 1012 728 colentes?
1095 689 1127 730 ao

170 763 200 816 et
222 755 370 815 Diomedis
393 757 462 834 equi
485 757 630 834 spirantes
653 754 774 815 naribus
797 757 894 833 ignem
1094 776 1123 816 se

118 860 155 911 30
170 844 291 904 Thracis
313 841 520 921 Bistoniasque
542 842 642 922 plagas
665 850 752 921 atque
774 842 885 903 Ismara
907 849 1042 923 propter,
1095 865 1128 903 ει

118 949 152 998 30
171 949 316 1010 aureaque
339 930 534 1010 Hesperidum
558 949 677 991 servans
701 929 841 1008 fulgentia
865 931 953 1010 mala,
1095 954 1123 992 32

171 1039 270 1100 asper,
293 1019 397 1080 acerba
419 1027 518 1098 tuens,
541 1021 663 1079 immani
686 1037 809 1097 corpore
833 1037 956 1098 serpens

172 1107 285 1168 arboris
308 1107 459 1186 amplexus
482 1109 604 1185 stirpem
628 1106 697 1186 quid
721 1106 847 1185 denique
871 1107 988 1167 obesset

118 1210 154 1262 35
170 1203 291 1275 propter
313 1195 478 1255 Atlanteum
500 1193 570 1254 litus
593 1195 748 1275 pelagique
777 1212 891 1275 severa,
1097 1217 1126 1258 aa

172 1303 229 1362 quo
257 1301 353 1362 neque
379 1290 481 1343 noster
509 1283 570 1342 adit
592 1285 747 1361 quisquam
769 1282 989 1343 reubarbarus
1012 1281 1124 1343 audet?

118 1388 152 1437 35
171 1373 298 1450 denique
322 1371 392 1449 quid
416 1370 518 1431 Cretae
542 1378 643 1430 taurus
666 1370 853 1449 Lernaeaque
876 1373 969 1449 pestis
1099 1392 1128 1430 zo

170 1459 262 1539 hydra
285 1461 435 1519 venenatis
457 1466 557 1537 posset
580 1458 683 1518 vallata
707 1455 857 1518 colubris?
1099 1480 1128 1518 za

171 1555 269 1609 cetera
292 1547 328 1606 de
350 1565 458 1625 genere
476 1546 532 1607 hoc
556 1565 629 1625 quae
653 1553 722 1607 sunt
744 1553 879 1626 portenta
902 1556 1068 1627 perempta,

172 1639 199 1696 si
221 1653 281 1695 non
304 1637 380 1695 victa
403 1636 511 1717 forent,
534 1635 605 1713 qnid
626 1634 744 1695 tandem
768 1638 830 1695 viva
854 1631 1017 1695 nocerent?

171 1722 226 1803 nil,
249 1731 282 1785 nt
305 1726 422 1802 opinor:
444 1725 484 1783 ita
508 1723 543 1783 ad
567 1725 700 1783 satiatem
723 1730 801 1783 terra
824 1723 955 1783 serarum

118 1830 153 1878 40
171 1830 250 1872 nunc
273 1814 361 1872 etiam
384 1813 470 1872 scatit
492 1818 522 1872 et
543 1811 659 1890 trepido
681 1818 796 1871 terrore
820 1810 960 1891 repletast

171 1919 225 1979 per
247 1918 368 1960 nemora
390 1918 423 1960 ac
445 1905 560 1959 montes
582 1917 702 1978 magnos
725 1898 871 1977 silvasque
894 1899 1069 1979 profundas;

173 2007 246 2067 qnae
270 1987 332 2048 loca
355 1987 465 2048 vitandi
488 1986 691 2066 plerumquest
712 1994 813 2048 nostra
835 1993 973 2066 potestas.

172 2084 202 2136 at
224 2078 282 2136 nisi
304 2081 488 2154 purgatumst
509 2082 625 2154 pectus,
650 2093 723 2153 quae
747 2074 858 2154 proelia
881 2074 967 2135 nohis

172 2171 259 2242 atque
282 2162 412 2241 pericula
434 2169 526 2222 tumst
547 2165 670 2241 ingratis
694 2163 916 2224 insinuandum!

119 2268 153 2317 46
173 2259 296 2331 quantae
320 2257 383 2310 tum
405 2250 543 2310 scindunt
564 2250 714 2311 hominem
738 2250 911 2330 cuppedinis
934 2253 1011 2311 acris

173 2339 330 2400 sollicitum
353 2357 453 2419 curae,
476 2340 635 2417 quantique
658 2339 781 2418 perinde
804 2338 940 2400 timores!

172 2427 278 2507 quidve
302 2425 438 2504 superbia
462 2429 602 2504 spurcitia
625 2445 659 2486 ac
680 2424 862 2506 petulantia?
897 2434 1022 2507 quantas

172 2516 304 2576 efficiunt
326 2513 435 2574 clades!
473 2515 542 2593 quid
566 2514 651 2575 luxus
675 2512 887 2594 desidiaeque?

171 2605 244 2664 haec
266 2605 356 2681 igitur
379 2605 430 2681 qui
452 2610 556 2663 cuncta
579 2602 728 2682 subegerit
751 2621 787 2663 ex
809 2606 966 2681 animoque

120 2708 154 2758 50
173 2690 319 2770 expulerit
341 2690 442 2772 dictis,
465 2709 526 2751 non
548 2695 651 2773 armis,
673 2710 771 2752 nonne
795 2691 912 2752 decebit

171 2781 250 2840 huno
272 2779 421 2839 hominem
443 2797 566 2840 numero
590 2780 686 2840 divom
710 2781 859 2859 dignarier
881 2775 969 2840 esse?

173 2886 239 2929 oum
262 2867 337 2928 bene
360 2870 535 2946 praesertim
558 2867 649 2928 multa
671 2887 705 2928 ac
728 2869 868 2929 divinitus
891 2870 965 2947 ipsis

172 2955 379 3016 immortalihu'
402 2956 438 3016 de
461 2955 537 3016 divis
560 2956 629 3016 dare
653 2956 731 3017 diota
754 2959 847 3017 suerit

172 3053 259 3123 atque
283 3062 400 3104 omnem
423 3063 522 3105 rerum
545 3051 679 3104 naturam
701 3043 830 3123 pandere
855 3044 950 3104 dictis,

120 3148 153 3198 55
217 3134 307 3192 Cuius
331 3151 385 3212 ego
408 3136 559 3212 ingressus
581 3134 704 3210 vestigia
727 3132 797 3191 dum
819 3134 949 3191 rationes

172 3239 336 3300 persequor
359 3240 392 3281 ac
415 3221 505 3281 doceo
530 3220 629 3300 dictis,
653 3238 710 3298 quo
734 3237 867 3298 quaeque
889 3226 987 3280 creata

173 3309 291 3369 loedere
316 3311 387 3389 sint,
410 3312 442 3369 in
465 3326 500 3367 eo
523 3326 611 3386 quarn
633 3310 672 3367 sit
694 3306 800 3368 durare
823 3325 980 3368 necessum

173 3415 228 3457 nec
250 3396 361 3457 validas
384 3396 498 3456 valeant
520 3398 582 3455 aevi
604 3394 774 3456 rescindere
796 3395 890 3476 leges,

173 3503 232 3563 quo
253 3503 363 3563 genere
386 3487 417 3544 in
440 3486 544 3564 primis
567 3485 656 3544 animi
678 3490 782 3544 natura
804 3495 951 3564 repertast

100 3588 138 3634 so
158 3575 264 3633 nativo
283 3577 423 3654 primum
445 3574 610 3637 consistere
632 3590 755 3654 corpore
778 3579 859 3634 oreta
