2438 3998
469 225 661 280 APPENDIX.
1002 222 1067 286 213

59 399 114 452 par
128 382 172 438 sit.
194 384 276 438 -idem
290 400 353 439 vero
368 386 443 438 recte
456 400 501 437 me
514 384 663 451 vituperat,
679 383 754 451 quod
768 387 819 436 502
829 400 870 451 sq.
893 381 1069 436 Bernaisium

62 455 174 519 secutus
192 457 333 524 caudaque
351 471 491 524 pauonum
506 497 512 508 .
529 497 534 508 .
551 498 556 508 .
572 471 671 509 caeca.
687 496 693 508 .
710 497 715 508 .
730 454 848 508 iacerent
865 453 971 521 scripsi.
1007 452 1068 520 ipse

62 523 172 593 aliquid
191 525 326 580 excidisse
348 527 426 579 ratus
448 525 552 578 retinet
566 524 701 590 ¹codicum
718 523 802 578 verba
829 541 914 578 aurea
929 539 1069 592 pauonum

60 594 207 668 rident<i>
220 591 335 651 'imbuta
357 598 444 666 tepere
465 596 555 650 euecta
577 595 628 649 etc.
661 594 855 649 lachmannus
874 599 924 648 501
940 610 980 662 sq.
1000 611 1069 662 pur·

58 683 135 734 mma
154 709 160 720 .
181 710 186 720 .
207 709 213 721 .
232 668 317 722 colore
337 706 343 721 .
363 709 369 723 .
390 709 396 720 .
415 683 513 734 aurea,
538 682 678 734 pauonum
699 667 802 720 ridenti
827 667 955 719 imitata
982 665 1070 732 tepore

61 737 152 791 enata
164 753 265 805 parum
277 737 404 792 feliciter.
434 736 546 808 egregie
559 752 623 790 vero
637 736 713 788 idem
726 754 750 790 v.
766 741 816 790 515
831 735 968 804 probante
983 734 1070 788 etiam

63 805 201 861 Ginssano
224 810 277 870 iter
300 825 384 879 usque
408 824 459 876 pro
484 823 517 860 eo
542 807 618 875 quod
642 806 673 859 in
696 805 776 860 libris
799 809 842 860 est
863 807 1015 874 hiemisque.
1035 837 1069 846 -

62 883 115 931 517
132 895 161 947 p.
180 880 245 951 448]
263 879 353 934 Giuss.
373 910 406 918 -
425 877 478 932 528
493 902 510 932 a
525 876 698 1002 ttthGiuss.
718 894 781 932 cum
798 876 849 930 Mr.
868 878 1015 930 ostendens.
1035 907 1070 917 -

63 952 115 1002 547
133 957 278 1005 summatum
295 951 338 1004 uti
355 948 463 1016 Wlun.,
487 949 563 1015 quod
605 948 670 1001 inse.
694 949 724 1001 in
743 947 941 1002 commentario
958 946 1069 1016 probat,

62 1036 128 1074 cum
149 1019 263 1091 inipso
287 1020 408 1076 carmine
431 1019 597 1087 impressum
619 1021 708 1072 extet:
736 1023 766 1072 55·
788 1025 939 1072 sumantur.
959 1049 993 1059 -
1017 1023 1069 1070 553

61 1096 186 1145 tranare
202 1092 325 1161 quterna
337 1089 396 1143 Lm.
410 1089 441 1143 Β.
456 1089 507 1143 Mr.
522 1089 602 1159 Brg.:
621 1107 737 1143 caverna
756 1087 811 1154 OQ.
825 1089 900 1142 unde
915 1087 1005 1142 Giuss.
1025 1105 1069 1141 ca·

62 1177 178 1229 uernae,
207 1161 300 1216 Servio
324 1161 452 1228 credens,
476 1160 525 1227 qui
547 1160 578 1213 in
599 1159 667 1213 Aen.
686 1159 763 1213 1115
788 1176 822 1213 55
843 1175 910 1214 voce
933 1174 1005 1227 qnae
1027 1159 1071 1211 est

62 1248 192 1299 canuno,
215 1231 329 1286 navium
347 1233 386 1300 (et
405 1231 470 1299 equi
489 1231 608 1301 duratei)
632 1233 723 1285 costas
742 1230 894 1301 significari
913 1230 989 1284 dicit.
1026 1228 1069 1281 in-

63 1301 207 1370 eptissime
220 1303 270 1374 ille
284 1302 405 1370 quidem.
434 1319 563 1356 cananae
577 1303 642 1355 sunt
658 1302 718 1354 ‘die
732 1301 920 1354 hohlrtume'.
948 1301 1071 1370 guberna

12 1427 15 1433 ,
61 1372 168 1454 legitur
185 1373 271 1428 etiam
288 1372 328 1427 IV
340 1378 401 1440 422,
418 1371 469 1425 ubi
486 1372 558 1425 nihil
576 1372 682 1439 obstat,
701 1372 848 1440 quominus
865 1370 1004 1440 pluralem
1021 1386 1071 1423 no-

61 1443 147 1496 mmis
166 1445 242 1512 quod
259 1445 409 1515 quternmn
426 1441 512 1496 fuerit
530 1458 590 1496 esse
604 1443 800 1497 existimemus.
815 1474 849 1483 -
864 1447 914 1496 555
928 1442 1070 1510 fluitantia

62 1517 206 1582 aplustra
223 1514 368 1586 ingeniose
381 1513 518 1566 Marullus
530 1530 581 1583 pro
591 1517 742 1582 plaustra.
758 1545 792 1554 —
811 1518 861 1566 598
881 1514 992 1568 enimte's
1008 1527 1070 1566 uero

62 1586 136 1652 furit
147 1586 258 1655 ignibus
271 1586 386 1654 impetus
399 1584 511 1639 Aetnae.
539 1583 639 1638 Arent.
653 1583 750 1638 Lamb.
765 1584 862 1638 ceteri:
881 1601 915 1638 eu
927 1584 990 1637 imis
1004 1580 1069 1649 OQ,

63 1654 114 1722 qui
132 1673 155 1709 v.
171 1661 221 1709 607
236 1655 312 1708 idem
324 1671 375 1724 pro
390 1656 498 1709 eaimir'e
514 1655 628 1710 habent.
656 1672 689 1709 ea
706 1656 769 1709 e'mr's
787 1653 877 1708 Giuss.
895 1670 952 1707 non
970 1653 1070 1707 inscite

64 1723 203 1794 defendit,
227 1726 277 1780 sed
299 1726 373 1778 inest
395 1723 565 1796 ambiguitas
587 1741 644 1778 non
665 1725 821 1779 mediocris.
845 1756 879 1766 -
903 1729 962 1779 651,
982 1729 1069 1776 655-

64 1800 125 1850 658.
145 1801 196 1850 680
211 1796 323 1868 egregie
336 1795 400 1850 Mn:
416 1794 505 1850 Giuss.
519 1797 626 1849 medios
641 1811 734 1849 versus
748 1812 781 1849 eo
794 1795 864 1863 loco,
882 1794 933 1847 ubi
946 1795 977 1847 in
989 1793 1070 1847 libris

64 1868 174 1935 extant,
202 1867 334 1922 cancellis
361 1867 489 1920 includit.
525 1867 663 1920 rationem
685 1882 741 1919 non
762 1866 850 1919 video.
875 1897 909 1905 —
935 1871 986 1919 680
1010 1882 1071 1919 cum

63 1937 154 2005 adore,
170 1938 203 1992 in
212 1939 312 2007 primis
326 1939 456 2007 pleraque
474 1938 548 1991 duaa
566 1955 582 1991 >r
600 1936 644 2008 Β]
664 1935 754 1991 (11555.
769 1968 803 1976 -
823 1942 875 1989 684
895 1979 900 1990 .
917 1978 922 1989 .
939 1978 944 1989 .
961 1937 1071 2004 primis

63 2009 174 2076 differre
197 2010 295 2080 figaris
317 2008 403 2061 etiam
425 2006 515 2062 Giuss.
544 2039 577 2048 —
605 2023 698 2061 versus
718 2012 856 2061 688-688
876 2006 955 2076 (Lm.)
978 2004 1069 2059 Giuss.

63 2079 130 2148 post
158 2084 209 2133 724
239 2079 384 2145 transfert,
419 2097 460 2132 vv.
489 2083 552 2145 723,
582 2083 633 2131 724
659 2078 782 2131 retentis.
824 2077 1068 2146 transpositionem

63 2149 137 2204 bene
159 2149 293 2204 defendit.
317 2181 350 2190 -
373 2150 427 2221 leg.
449 2154 499 2203 715
517 2165 568 2217 pro
588 2154 647 2202 716.
671 2179 704 2189 -
734 2154 784 2202 718
808 2149 899 2202 eadem
920 2149 992 2203 ratic
1014 2149 1070 2202 ette-

63 2222 193 2276 terminat
210 2223 297 2276 omnm
311 2219 383 2294 <rea
402 2263 408 2274 .
424 2263 430 2273 .
446 2220 474 2291 .>
497 2219 599 2288 probat
622 2218 711 2274 Giuss.
731 2250 765 2259 -
784 2218 860 2290 [728]
878 2234 945 2272 non:
964 2220 973 2287 1(
992 2223 1043 2272 728
1061 2217 1071 2289 (ξ

64 2291 185 2346 scribere
204 2291 300 2346 debui:
319 2307 386 2343 nam
404 2291 520 2343 damnat
537 2290 588 2344 hos
606 2305 700 2343 versus
714 2287 864 2343 (1515155155.
879 2320 913 2330 -
933 2294 982 2343 731
1003 2306 1072 2357 quae

64 2368 131 2417 suu
143 2364 252 2416 imbuta
264 2363 376 2416 colorem
389 2360 440 2414 Mr.
455 2360 545 2415 Giuss.
560 2391 593 2401 —-
614 2365 664 2414 745
678 2377 696 2415 5
710 2366 761 2414 746
775 2377 792 2415 a
811 2360 961 2413 assentitur
979 2358 1070 2414 Giuss.

65 2463 100 2473 -
118 2434 184 2501 post
197 2437 249 2486 784
266 2432 410 2500 perierunt
422 2448 527 2499 versus,
547 2431 648 2499 quibus
665 2431 697 2484 id
715 2431 934 2484 demonstratum
951 2430 1014 2497 fuit,
1033 2430 1071 2484 ad

65 2503 143 2571 quod
160 2503 191 2555 in
208 2521 249 2558 vv.
269 2509 319 2557 785
331 2521 370 2572 sq.
391 2504 419 2556 et
438 2508 488 2555 782
510 2502 679 2574 respicitur]
711 2504 797 2573 negat
816 2501 919 2569 Ginss,
943 2502 993 2554 sed
1014 2517 1071 2554 non

63 2573 157 2645 magis
179 2574 341 2642 persuadet,
370 2590 455 2642 quam
480 2590 543 2628 cnm
568 2573 756 2627 demonstrare
781 2573 842 2626 vult
865 2591 906 2626 vv.
930 2577 1069 2625 817-825

65 2660 117 2698 555
135 2644 197 2700 loco
214 2644 322 2714 positos
340 2660 407 2698 esse.
445 2642 480 2698 of.
499 2660 562 2698 ann.
581 2644 678 2712 philol.
700 2649 767 2697 1875
784 2661 812 2712 p.
828 2648 887 2697 610.
907 2675 940 2682 -
960 2647 1011 2695 806
1029 2660 1070 2696 re·

64 2717 152 2786 fulget
174 2716 203 2768 et
225 2719 276 2769 808
302 2716 465 2770 cerutceumt
492 2715 578 2768 etiam
601 2713 691 2769 Giuss.
727 2715 796 2767 item
818 2719 869 2767 826
892 2720 1020 2767 austrum
1043 2714 1071 2766 et

66 2791 120 2840 828
138 2786 315 2855 disperditam.
330 2815 364 2826 -
383 2791 435 2839 843
449 2784 492 2857 Β]
509 2785 625 2839 ‘Giusa'
643 2815 676 2825 —
696 2790 747 2837 847
763 2827 768 2838 .
785 2826 790 2837 .
807 2788 917 2852 poesia
937 2781 1071 2854 00115]

66 2855 202 2910 111555-
217 2861 268 2909 856
283 2873 351 2926 quae
364 2857 503 2910 comitant:
524 2855 665 2924 improbat
674 2853 773 2921 Giuss,
788 2854 896 2907 scribit:
915 2870 1040 2922 uaporem
1053 2872 1071 2907 a

65 2934 166 2994 cetera3
185 2945 254 2996 quae
272 2944 333 2981 eum
350 2928 391 2981 ita
408 2934 472 2981 eunt
489 2934 580 2981 tamen
596 2933 628 2981 ut
646 2927 696 2979 etc.
716 2926 748 2978 ut
765 2924 833 2992 Lm,
851 2924 907 2977 nisi
926 2924 1001 2991 quod
1019 2924 1071 2977 ali-

66 2998 137 3066 quid
155 2998 250 3052 deesse
269 2997 423 3052 statuit-
443 3001 516 3050 888.
534 2997 681 3067 ..5.176]
701 2994 839 3049 111555-
859 3000 910 3048 888
931 2996 1071 3062 ...posi-

64 3069 138 3124 turte
160 3069 274 3138 deniqne
297 3071 361 3137 quia
382 3069 439 3122 sint
461 3066 545 3121 Goeb.
572 3069 677 3135 quaest.
701 3065 808 3120 Lucret.
836 3072 877 3119 14.
914 3080 992 3134 qnae
1016 3066 1072 3120 sint

67 3137 124 3204 OQ.
144 3140 206 3194 edd.
226 3170 259 3179 -
283 3144 334 3192 900
352 3155 369 3193 a
388 3144 452 3192 901:
476 3138 545 3191 item
564 3136 652 3191 Giuss.
681 3169 715 3176 —
743 3142 794 3190 802
815 3179 820 3190 .
842 3178 847 3189 .
867 3179 873 3190 .
893 3153 1072 3205 quaecumque

67 3209 137 3282 08]
156 3209 245 3264 (11555.
274 3239 308 3251 -
336 3214 386 3262 818
409 3216 549 3278 nequeant
571 3207 625 3272 OQ.
649 3207 699 3261 Mr.
718 3206 782 3278 Brg.
805 3213 944 3276 nequeunt
961 3205 1019 3259 Lm.
1039 3205 1070 3260 Β.

66 3280 167 3349 (lines,
184 3280 340 3334 mutatione
358 3279 472 3332 minime
489 3280 653 3334 necessaria.
668 3310 701 3318 —
717 3284 768 3331 823
783 3320 789 3331 .
805 3320 810 3332 ,
827 3321 832 3332 .
848 3277 1071 3350 disputavimus]

66 3352 157 3406 Giuss.
178 3357 229 3405 928
242 3353 307 3420 post
321 3356 380 3404 815.
409 3352 530 3404 ceterum
543 3350 606 3422 lege
619 3366 670 3419 pro
684 3351 747 3419 (814
760 3348 848 3420 Brg.):
868 3351 929 3418 (814
943 3347 1021 3417 Lm).
1036 3379 1070 3389 —-

67 3429 119 3477 828
139 3464 190 3478 ...
209 3437 324 3478 eentum
343 3419 432 3475 Giuss.
447 3452 481 3462 -
500 3426 552 3474 830
570 3437 622 3492 qno
637 3421 775 3488 proditur
794 3421 881 3491 entra]
900 3418 964 3491 Brg.
980 3417 1070 3474 Giuss.

67 3500 208 3548 884-940
223 3493 283 3547 5155
295 3491 406 3545 11555115
426 3490 515 3546 Giuss.
530 3523 563 3533 —
579 3496 630 3546 888
645 3493 819 3545 omnituentes
834 3534 839 3544 .
852 3534 857 3543 .
872 3497 994 3544 tuentur:
1015 3487 1070 3554 OQ.

65 3565 160 3619 ka.
179 3564 243 3635 Brg.
264 3563 367 3617 etuas:
386 3579 476 3632 neque
494 3563 551 3616 Inn.
575 3578 665 3630 neque
684 3561 714 3614 B.
740 3577 832 3629 neque
848 3560 905 3613 Mu.
925 3559 1086 3612 nentium
