2438 3998
595 175 621 230 II

103 339 137 390 25
155 322 304 403 lampadas
327 323 467 401 igniferas
489 323 626 385 manibus
649 325 807 385 retinentia
830 323 956 405 dextris,

156 412 266 473 lumina
284 400 441 472 'nocturnis
465 411 560 491 epulis
583 419 617 472 ut
640 411 879 494 suppeditentur,

155 519 211 561 nec
234 500 339 560 domus
362 506 483 578 argento
507 499 631 579 fulgenti
653 518 783 579 auroque
806 500 935 580 renidet,

155 607 211 649 nec
234 588 363 652 citharae
385 587 508 648 reboant
531 587 664 667 laqueata
687 596 846 667 aurataque
869 595 959 667 tecta,

156 695 224 738 cum
246 684 345 736 tamen
367 677 445 736 inter
468 694 500 736 se
523 678 664 755 prostrati
687 679 719 736 in
741 678 872 754 gramine
895 675 978 736 molli

103 781 137 830 30
155 771 277 845 propter
300 766 512 843 aquaerivum
534 763 589 825 sub
612 766 703 825 ramis
726 763 841 824 arboris
863 763 938 825 altae

156 871 216 913 non
239 855 354 930 magnis
377 851 482 931 opibus
504 852 632 913 iucunde
655 870 779 931 corpora
802 859 919 932 curant,

156 943 331 1021 praesertim
354 958 422 1000 cum
444 948 605 1021 tempestas
628 940 743 1001 adridet
765 948 796 1000 et
817 943 888 1000 anni

155 1038 289 1108 tempora
312 1036 511 1106 conspergunt
532 1027 687 1089 viridantis
710 1027 833 1089 floribus
855 1027 971 1089 herbas.

156 1136 212 1178 nec
234 1116 345 1177 calidae
369 1118 458 1177 citius
481 1116 629 1177 decedunt
651 1134 775 1196 corpore
798 1115 910 1196 febres,

104 1222 139 1271 35
157 1204 309 1265 textilibus
332 1207 359 1264 si
381 1206 413 1264 in
434 1207 559 1284 picturis
583 1212 722 1284 ostroque
744 1204 865 1265 rubenti

158 1295 289 1373 iacteris,
311 1311 400 1372 quam
423 1295 502 1353 siin
524 1293 639 1371 plebeia
661 1300 742 1354 veste
765 1292 967 1354 cubandumst.

158 1387 338 1461 quapropter
361 1383 499 1459 quoniam
522 1380 564 1442 nil
586 1389 687 1442 nostro
711 1383 742 1441 in
765 1399 889 1460 corpore
912 1398 998 1460 gazae

157 1470 316 1549 proliciunt
338 1487 434 1547 neque
457 1468 595 1530 nobilitas
618 1487 673 1530 nec
696 1470 788 1549 gloria
810 1472 908 1549 regui,

159 1557 237 1636 quod
264 1564 413 1638 superest,
441 1559 538 1618 animo
566 1576 681 1636 quoque
705 1557 748 1617 nil
769 1557 910 1637 prodesse
933 1555 1109 1635 putandum:

105 1662 140 1711 40
160 1648 186 1706 si
208 1664 268 1706 non
291 1646 367 1705 forte
391 1652 455 1706 tuas
478 1644 609 1724 legiones
632 1664 686 1725 per
708 1644 772 1706 loca
794 1647 891 1722 campi

159 1735 273 1794 fervere
296 1752 363 1794 cum
386 1732 498 1814 videaS,
519 1732 591 1794 belli
614 1733 770 1794 simulacra
793 1735 911 1812 cientis,

159 1821 299 1882 subsidiis
322 1823 435 1900 magnis
459 1829 489 1882 et
510 1840 618 1900 equom
640 1824 669 1880 vi
691 1819 904 1900 constabilitas,

159 1917 276 1971 ornatas
300 1912 390 1970 armis
412 1912 524 1989 pariter
545 1912 715 1989 pariterque
738 1911 892 1989 animatas,

596 2016 618 2056 ⁴*

100 2099 150 2146 43α
160 2087 273 2146 fervere
297 2105 365 2147 cum
387 2086 488 2146 videas
512 2085 636 2146 classem
658 2085 774 2164 lateque
797 2088 909 2165 vagari,

59 2244 65 2265 ί
158 2176 206 2234 his
228 2174 283 2235 tibi
304 2182 368 2235 tum
390 2174 481 2235 rebus
503 2175 668 2235 timefactae
691 2173 849 2252 religiones

106 2281 141 2328 45
161 2263 304 2340 effugiunt
327 2265 423 2322 animo
446 2262 564 2343 pavide,
586 2264 749 2340 mortisque
771 2264 894 2322 timores

159 2358 223 2411 tum
244 2369 369 2412 vacuum
390 2357 495 2429 pectus
518 2349 632 2410 lincunt
655 2368 783 2428 curaque
807 2349 942 2410 solutum.

160 2438 238 2517 quod
262 2442 288 2498 si
310 2438 434 2499 ridicula
455 2440 528 2499 haec
550 2436 735 2516 ludibriaque
759 2456 824 2498 esse
846 2437 993 2518 videmus,

159 2544 193 2587 re
214 2545 342 2605 veraque
364 2535 461 2588 metus
483 2526 637 2587 hominum
659 2543 805 2604 curaeque
829 2543 970 2604 sequaces

160 2633 215 2675 nec
237 2622 373 2676 metuunt
395 2617 510 2676 sonitus
533 2632 682 2674 armorum
704 2632 759 2674 nec
782 2614 845 2674 fera
867 2613 925 2673 tela

106 2720 141 2768 no
159 2703 355 2782 audacterque
378 2705 457 2764 inter
479 2720 565 2781 reges
587 2720 747 2780 rerumque
769 2702 898 2781 potentis

159 2798 313 2852 versantur
335 2809 431 2870 neque
454 2790 598 2870 fulgorem
621 2797 792 2851 reverentur
815 2789 850 2849 ab
874 2807 946 2850 auro

159 2898 214 2940 nec
238 2879 350 2940 clarum
371 2881 462 2940 vestis
486 2878 673 2958 splendorem
695 2879 868 2958 purpureai,

161 2967 230 3046 quid
254 2968 370 3029 dubitas
394 2969 467 3047 quin
489 2967 576 3027 omni’
600 2969 640 3026 sit
661 2967 733 3026 haec
755 2965 871 3026 rationi'
893 2961 1046 3045 potestas?

160 3057 256 3116 omnis
279 3074 346 3116 cum
368 3054 554 3116 intenebris
576 3057 751 3134 praesertim
773 3056 832 3114 vita
855 3052 980 3114 laboret:

105 3160 140 3209 55
158 3162 228 3204 nam
249 3144 340 3204 veluti
361 3146 447 3223 pueri
469 3142 618 3222 trepidant
640 3150 726 3221 atque
751 3144 849 3203 omnia
872 3143 968 3203 caecis

158 3234 191 3292 in
213 3232 345 3293 tenebris
367 3238 515 3312 metuunt,
539 3232 582 3291 sic
604 3249 657 3291 nos
680 3233 712 3291 in
735 3230 800 3292 luce
823 3232 962 3314 timemus

158 3321 321 3401 interdum,
343 3320 403 3380 nilo
427 3337 502 3398 quae
526 3326 595 3379 sunt
616 3319 774 3380 metuenda
795 3320 889 3397 magis
913 3337 1001 3397 quam

158 3427 233 3488 quae
255 3410 341 3488 pueri
363 3407 548 3469 intenebris
570 3409 700 3486 pavitant
723 3409 895 3486 finguntque
918 3407 1024 3468 futura.

157 3497 238 3558 huno
260 3499 350 3576 igitur
371 3504 517 3557 terrorem
539 3498 631 3556 animi
652 3495 848 3574 tenebrasque
872 3501 1021 3557 necessest

157 3607 301 3648 Lecturus.
315 3607 349 3648 sd
363 3606 488 3656 Brieger.
882 3600 898 3648 3
