2438 3998
151 215 239 306 mo
494 230 497 237 '
636 238 676 293 Ν

220 395 250 450 et
272 388 452 467 dispargitur
474 386 510 448 ad
532 389 626 467 partis
649 389 690 448 ita
713 405 844 466 quasque
866 389 995 448 minutas
1116 408 1158 449 sos

220 478 361 555 corporis.
398 475 445 536 his
468 477 559 553 igitur
582 474 672 536 rebus
694 476 727 536 tit
749 478 898 554 utrimque
922 475 1049 557 duabus,

221 581 314 643 aeque
335 561 371 625 id
391 571 426 624 ut
447 582 480 624 ac
503 565 585 624 navis
608 563 681 624 velis
704 571 849 644 ventoque
872 564 992 624 feratur.

150 670 201 720 860
219 671 275 713 nec
296 659 396 713 tamen
419 650 491 712 illud
514 654 545 711 in
568 651 615 712 bis
638 651 728 713 rebus
750 652 885 713 mirabile
908 659 1035 732 constat,

149 758 206 808 896
218 740 329 802 tantula
353 740 431 820 quod
452 747 567 801 tautum
590 758 697 819 corpus
721 739 895 820 corpuscula
917 747 1041 819 possunt

221 836 416 908 contorquere
440 836 469 890 et
492 847 566 889 onus
588 835 683 888 totum
706 836 876 889 convertero
900 836 1048 889 nostrum:
1116 851 1157 892 ooo

221 920 330 997 quippe
353 919 463 979 etenim
484 923 590 978 tentus
614 916 715 977 subtili
738 935 862 996 corpore
884 919 981 977 tenvis

220 1006 313 1067 trudit
335 1024 425 1085 agens
448 1023 583 1084 magnam
605 1023 709 1084 magno
732 1005 883 1066 molimine
906 1024 1022 1086 navem,

151 1109 201 1160 865
221 1102 251 1156 et
273 1112 377 1154 manus
400 1112 459 1154 una
481 1096 558 1172 regit
581 1095 733 1174 quantovis
755 1096 865 1172 impete
888 1101 1007 1155 euntem

149 1198 202 1249 901
220 1191 308 1262 atque
331 1180 541 1260 gubernaclum
564 1188 739 1261 contorquet
761 1181 893 1261 quolibet
914 1200 1019 1261 unum,

220 1270 378 1350 multaque,
400 1288 455 1349 per
475 1269 601 1331 trocleas
624 1277 655 1330 et
675 1277 821 1350 tympana,
843 1270 974 1349 pondere
995 1287 1100 1348 magno
1115 1291 1156 1330 ooo

222 1365 384 1420 commovet
407 1365 493 1436 atque
516 1357 574 1418 levi
597 1357 724 1418 sustollit
746 1358 880 1419 machina
902 1361 978 1418 nisu.

150 1464 206 1515 855
265 1446 340 1507 lllud
363 1449 434 1506 item
457 1465 517 1506 non
540 1453 586 1506 est
606 1447 787 1527 mirandum,
810 1448 942 1525 corporis
965 1449 1029 1525 ipsa
1115 1465 1157 1507 sos

150 1552 203 1602 870
222 1534 300 1615 quod
322 1541 427 1594 natura
450 1534 549 1595 cibum
572 1537 687 1614 quaerit
709 1538 852 1614 cuiusque
875 1537 1040 1595 animantis.

221 1626 329 1703 quippe
353 1625 462 1683 etenim
485 1623 578 1684 fluere
601 1631 689 1702 atque
712 1624 851 1684 recedere
870 1640 994 1702 corpora
1012 1622 1101 1683 rebus
1116 1647 1157 1686 sco

221 1712 313 1773 multa
335 1711 430 1771 modis
452 1711 554 1772 multis
577 1712 677 1793 docui,
701 1712 752 1773 sed
775 1711 902 1791 plurima
925 1710 1032 1771 debent

222 1819 258 1862 ex
281 1799 460 1882 animalibu'3
482 1818 561 1879 quae
582 1802 651 1880 quia
674 1808 743 1860 suut
765 1802 893 1860 exercita
915 1806 1009 1880 motu,

151 1905 209 1956 860
222 1888 314 1950 multa
335 1904 390 1968 per
412 1907 445 1948 os
469 1888 654 1969 exhalantur,
677 1907 744 1949 cum
766 1888 902 1966 languida
926 1889 1075 1968 anhelant,
1116 1912 1158 1951 sce

49 2014 52 2019 ·
151 1993 203 2042 875
221 1977 371 2056 multaque
393 1994 448 2056 per
471 1977 608 2038 sudorem
632 1996 668 2037 ex
691 1977 749 2038 alto
771 1995 874 2056 pressa
897 1977 1039 2037 seruntur.
1116 2000 1157 2041 aas

221 2067 268 2127 his
291 2068 381 2144 igitur
404 2065 493 2126 rebus
516 2068 641 2126 rarescit
663 2084 771 2144 corpus
796 2072 827 2126 et
848 2067 944 2124 omnis
1116 2090 1157 2129 scs

223 2153 377 2216 subruitur
399 2160 515 2232 natura3
539 2153 623 2213 dolor
646 2172 733 2231 quam
756 2156 948 2233 consequitur
970 2171 1042 2214 rem.

221 2248 378 2322 propterea
402 2243 516 2320 capitur
539 2241 636 2321 cibus,
658 2249 692 2301 ut
714 2241 861 2303 suffulciat
884 2248 965 2302 artus

150 2346 206 2397 865
223 2337 253 2392 et
276 2338 391 2391 recreet
413 2332 491 2389 vires
514 2330 691 2409 interdatus,
715 2337 801 2408 atque
824 2337 972 2410 patentem

117 2420 121 2429 '
151 2435 203 2485 880
221 2438 276 2499 per
297 2418 429 2479 membra
452 2436 486 2477 ac
508 2435 596 2477 venas
619 2424 653 2477 ut
675 2436 804 2478 amorem
828 2424 946 2496 opturet
968 2418 1082 2479 edendi.

223 2525 307 2568 umor
329 2509 401 2568 item
424 2505 550 2566 discedit
572 2509 603 2565 iu
626 2508 725 2566 omnia
748 2525 822 2585 quae
845 2506 909 2567 loca
932 2525 1057 2585 cumque
1116 2531 1158 2571 aro

221 2602 348 2676 poscunt
369 2611 517 2675 umorem3
539 2592 756 2672 glomerataque
779 2593 870 2655 multa
891 2597 1007 2673 vaporis

222 2702 359 2763 corpora,
382 2700 457 2761 quae
481 2683 630 2743 stomacho
652 2682 795 2762 praebent
817 2682 952 2743 incendia
976 2692 1089 2764 nostro,

151 2788 207 2840 870
221 2771 355 2850 dissupat
377 2771 535 2831 adveniens
557 2771 655 2850 liquor
677 2790 711 2831 ac
733 2773 890 2849 restinguit
911 2778 944 2830 ut
967 2772 1078 2852 ignem,

151 2875 203 2925 855
221 2878 310 2921 ιιιειε
332 2877 370 2920 ne
393 2861 487 2938 possit
509 2858 589 2919 calor
611 2858 736 2938 amplius
759 2859 859 2920 aridus
882 2866 972 2919 artus.

223 2950 266 3008 sic
288 2950 380 3026 igitur
402 2947 457 3007 tibi
478 2947 582 3008 anhela
605 2950 670 3008 sitis
694 2946 730 3007 de
754 2966 876 3026 corpore
899 2954 1001 3007 nostro
1116 2971 1157 3013 su

222 3035 364 3117 abluitur,
388 3038 431 3096 sic
454 3036 588 3114 expletur
611 3038 709 3097 ieiuna
732 3036 847 3116 cupido.

267 3121 351 3185 Nunc
371 3124 478 3202 quibus
496 3123 545 3185 ille
564 3125 660 3184 modis
677 3142 798 3184 somnus
811 3142 866 3203 per
879 3122 1011 3184 membra
1025 3126 1156 3203 quietem

150 3229 206 3282 905
223 3215 332 3292 inriget
354 3219 440 3292 atque
464 3215 555 3273 animi
576 3231 662 3274 curas
686 3231 703 3273 e
725 3220 845 3292 pectore
868 3211 973 3294 solvat,

151 3318 203 3368 890
222 3301 382 3362 suavidicis
404 3304 502 3380 potius
526 3320 613 3380 quam
636 3300 737 3361 multis
758 3299 894 3360 versibus
916 3301 1013 3383 edam3

221 3409 328 3470 parvus
351 3397 385 3450 ut
407 3398 452 3450 est
474 3392 559 3469 cycni
578 3389 684 3449 melior
701 3405 799 3468 canor,
821 3387 871 3448 ille
890 3407 996 3468 gruum
1015 3408 1103 3468 quam
1116 3412 1157 3451 s1o

222 3478 333 3540 clamor
350 3481 382 3538 in
406 3478 544 3539 aetheriis
567 3476 719 3557 dispersus
741 3475 870 3538 nubibus
896 3479 998 3538 austri.

221 3576 254 3629 tu
276 3567 350 3628 mibi
373 3566 409 3627 da
431 3568 530 3627 tenuis
553 3583 639 3626 aures
662 3567 850 3644 animumque
874 3584 1020 3646 sagacem,
