2438 3998
364 803 769 891 PROLEGOMENA.

10 1080 13 1087 '
55 1082 58 1088 ’
151 1081 278 1143 Carmen
291 1079 501 1140 Lucretianum
520 1098 589 1140 cum
608 1088 637 1140 et
654 1083 789 1160 proximo
810 1082 925 1144 saeculo
941 1084 1072 1144 et‘huius

64 1170 173 1232 saeculi
199 1171 306 1248 primis
333 1167 436 1227 lustris
463 1167 499 1228 ab
527 1168 697 1230 hominibus
725 1172 806 1230 omni
832 1170 879 1230 vel
903 1190 1004 1232 rerum
1026 1172 1072 1232 vel

63 1262 133 1320 artis
161 1260 267 1318 notitia
296 1256 446 1316 destitutis
474 1264 524 1316 aut
546 1260 712 1318 temerariis
735 1258 781 1318 vel
804 1259 920 1319 stolidis
943 1261 1072 1320 incredi-

61 1347 151 1408 ltilem
175 1349 208 1406 in
229 1345 350 1405 modum
374 1351 546 1422 corruptum
569 1352 657 1427 esset,
680 1349 811 1407 restituit
833 1347 1003 1408 felicissime
1027 1351 1072 1409 vir

62 1444 91 1497 et
122 1435 243 1513 ingenio
276 1441 306 1493 et
338 1432 472 1492 doctrina
503 1451 581 1493 unus
614 1437 746 1494 omnium
777 1438 918 1514 princeps
948 1436 1071 1497 Carolus

46 1523 276 1606 ,Lachmannus
321 1523 379 1580 iam
407 1538 474 1580 cum
501 1528 605 1599 pectus
632 1521 768 1583 hortetur
795 1529 827 1582 ut
850 1526 881 1582 in
904 1524 992 1583 huius
1016 1527 1072 1584 viri

60 1611 163 1673 laudes
186 1627 235 1670 me
254 1608 412 1689 effundam,
435 1612 583 1669 succurrit
604 1609 676 1669 illud
695 1609 731 1669 ah
751 1610 887 1670 omnihus
905 1610 1072 1693 probatum,

61 1699 283 1761 Lachmannum
313 1696 433 1756 laudare
464 1697 538 1758 velle
571 1697 759 1757 ambitiosum
788 1716 861 1758 esse.
913 1698 991 1777 qued
1020 1702 1072 1778 qui

60 1791 176 1868 primus
204 1787 280 1847 dixit
301 1784 425 1845 lacobus
447 1783 626 1865 Bernaysius
653 1805 729 1846 anno
752 1785 928 1846 MDCCCLII
953 1805 1072 1848 carmen
1189 1828 1192 1834 .

60 1877 97 1937 de
121 1893 223 1936 rerum
246 1880 350 1934 natura
373 1869 591 1955 ‘recognitum’,
614 1881 647 1934 ut
671 1877 735 1952 ipse
754 1875 971 1935 modestissime
991 1876 1072 1957 dicit,

14 2014 18 2021 .
61 1964 156 2025 edidit
179 1962 346 2041 sumptibus
365 1961 587 2022 Teubnerianis
629 1965 681 2041 qui
701 1965 755 2043 vir,
778 1982 836 2042 quo
856 1971 919 2024 erat
937 1967 1071 2024 acumine

60 2070 178 2132 quaque
210 2058 240 2111 et
271 2052 418 2110 sermonis
444 2048 542 2109 Latini
574 2056 603 2110 et
634 2050 836 2130 philosophiae
870 2054 1007 2131 seientia,
1039 2060 1073 2112 ut

60 2149 196 2219 tempore
228 2141 381 2217 proximus
413 2156 430 2197 a
456 2136 643 2198 Lachmanno
671 2140 739 2219 fuit,
770 2142 811 2199 ita
841 2141 929 2199 etiarn
957 2142 1072 2200 meritis

60 2229 97 2288 ah
126 2245 162 2288 eo
191 2234 270 2287 esset
291 2229 457 2306 proximus,
484 2228 543 2286 nisi
569 2228 658 2286 nimis
686 2226 769 2287 brevi
798 2230 892 2305 spatio
916 2230 1071 2287 interiecto

60 2319 144 2377 unici
171 2317 229 2374 viri
251 2317 425 2374 auctoritate
448 2321 658 2392 praegravante
683 2333 736 2374 suo
759 2317 824 2393 ipse
848 2314 957 2375 iudicio
980 2317 1072 2375 inter·

60 2405 133 2465 dum
161 2421 221 2462 non
248 2410 362 2462 tantum
388 2408 529 2481 quantum
557 2420 610 2480 par
639 2409 702 2462 erat
733 2402 895 2462 tribuisset.
942 2403 1021 2482 quod
1045 2406 1074 2464 ei

60 2491 206 2554 accidisse
224 2508 321 2572 nemo,
344 2492 457 2570 opinor,
480 2489 645 2570 mirabitur,
668 2492 720 2568 qui
739 2492 802 2569 ipse
825 2493 961 2572 senserit,
985 2509 1072 2570 quam

59 2579 184 2641 difficile
203 2585 283 2639 esset
300 2581 415 2639 recenti
433 2576 513 2638 illius
532 2595 626 2656 paene
645 2578 737 2637 divini
751 2580 864 2656 ingenii
878 2579 1072 2639 admiratione

60 2668 97 2728 ab
127 2686 162 2728 eo
190 2666 357 2727 disse'ntire.
403 2669 502 2745 itaque
526 2665 719 2744 Bemaysium
747 2684 854 2726 censeo
877 2666 924 2727 vel
946 2669 1072 2727 maxime

59 2754 242 2816 laudandum
260 2773 326 2815 esse
345 2757 376 2814 in
395 2757 448 2835 eis,
467 2773 542 2833 quae
561 2773 578 2813 a
596 2753 783 2814 Lachmanno
801 2753 959 2816 discedens
973 2773 1073 2815 emen·

60 2845 154 2924 davit,
182 2842 382 2903 excusandum
408 2860 491 2923 vero,
519 2844 545 2902 si
573 2843 690 2921 quando
718 2841 764 2902 vel
791 2860 858 2902 eum
886 2842 1072 2903 Lachmauno

59 2932 106 2992 vel
140 2948 208 2991 cum
240 2929 306 2990 aliis
342 2930 388 2991 vel
425 2929 505 2990 solus
545 2932 662 2990 errarit.
717 2930 823 3009 quodsi
854 2937 1073 3009 perseverasset

58 3022 91 3080 in
119 3017 241 3079 Lucreti
272 3018 479 3097 perscrutandi
511 3018 687 3077 emendandi
718 3019 933 3096 interpretandi
965 3017 1073 3098 studio,

57 3126 121 3168 uon
144 3107 247 3167 dubito
271 3109 343 3185 quin
366 3126 401 3167 eo
419 3112 616 3186 perventurus
635 3106 734 3186 luerit,
756 3113 790 3166 ut
807 3123 942 3184 magnam
961 3109 1073 3184 negotii

57 3201 176 3276 partem
208 3193 380 3255 absolveret.
431 3212 499 3255 eum
530 3212 600 3253 vero
635 3192 684 3254 ille
712 3212 744 3254 se
772 3193 856 3253 brevi
882 3201 951 3273 post
977 3201 1075 3267 totum

57 3285 96 3344 ad
113 3283 171 3344 alia
189 3283 287 3344 studia
301 3283 440 3363 dedisset,
458 3285 490 3342 in
505 3281 630 3342 stadium
645 3299 738 3360 paene
753 3281 904 3342 desertum
918 3285 1072 3360 ingressus

56 3372 144 3451 Hugo
172 3371 278 3432 llunro
306 3371 465 3431 Britannus
498 3387 632 3448 magnam
666 3368 724 3430 sihi
755 3372 872 3449 peperit
903 3372 1072 3448 iustamque

56 3459 191 3542 laudem3
224 3462 274 3538 qui
306 3477 383 3519 anno
413 3455 498 3522 1866
525 3460 656 3536 primum
683 3455 804 3518 Lucreti
831 3476 950 3518 carmen
977 3457 1072 3518 edidit
