2438 3998
356 312 359 317 Ι
419 244 699 302 Pnonnconnus.
937 247 1065 303 XXXVII

53 390 108 452 scd
137 393 268 470 primum
297 392 395 453 dativo
422 393 539 454 videtur
561 412 635 473 opus
659 411 725 454 esse
748 393 784 454 cf.
807 412 832 454 r.
851 390 930 474 443,
959 392 1064 454 deindo

54 489 111 540 cnr
143 477 300 542 Lucretius
331 500 421 543 ausus
453 499 513 542 non
545 484 585 542 sit
615 481 664 543 hic
692 481 820 542 Ennium
850 484 982 542 imitatus
1013 476 1064 566 (cf.

54 565 211 629 Bucheler.
235 567 362 631 Grundr.
391 569 445 631 dor
471 569 519 631 lat.
542 569 725 631 Declination
751 588 779 648 p.
798 563 856 654 53)
881 571 1010 631 dativum
1033 573 1065 631 in

55 657 85 716 ai
107 654 295 718 desinentem
318 655 471 719 scrihere?
503 657 643 718 vocabulo
666 656 808 738 iutoctos,
831 658 868 719 de
893 677 950 737 qno
974 676 1064 736 snpra

56 760 85 820 p.
103 739 196 801 XXIV
218 741 289 821 dixi,
311 760 372 802 non
394 745 494 821 inopte
517 743 652 803 conferas
670 741 822 803 Livianum
845 743 916 803 illud
934 761 994 823 per
1013 742 1061 806 ic-

55 829 186 914 mutuom,
207 833 225 894 l.
249 833 326 894 XLII
341 831 397 914 12,
412 833 445 916 7,
468 832 521 894 nbi
543 832 722 894 Lachmanni
738 850 799 911 per
819 829 975 894 indultum
998 851 1064 894 sen-

54 924 181 984 tentiam
199 924 350 1000 pervertit.
369 955 412 964 —-
426 915 436 1005 V
448 918 624 985 458-463
640 943 655 977 s
669 917 736 983 464
748 917 765 1002 {t
799 923 842 980 eis
862 939 936 999 quae
955 922 991 982 de
1007 921 1064 982 hoe

56 1007 123 1069 loco
143 1011 249 1088 scripsi
266 1029 294 1089 p.
309 1009 399 1070 XXIV
417 1010 489 1071 haec
508 1009 591 1070 addo.
615 1015 717 1069 contra
732 1005 866 1088 Pollium,
886 1011 936 1088 qni
955 1008 991 1069 de
1010 1017 1063 1070 art

56 1095 158 1158 vocab.
174 1095 291 1158 Lucret.
309 1117 338 1178 p.
353 1096 395 1161 69
414 1117 458 1159 vv.
472 1094 536 1161 461
549 1116 592 1177 sq.
611 1095 695 1179 tollit,
713 1104 781 1177 post
800 1095 1064 1175 Stucrenhnrgium

55 1202 105 1245 mo
130 1184 229 1245 dicere
251 1203 312 1246 non
335 1204 410 1265 opus
433 1193 492 1266 est,
518 1187 578 1246 nisi
603 1187 678 1246 forte
700 1185 757 1247 hoc
779 1185 971 1266 monendum,
994 1203 1063 1246 con-

56 1275 221 1333 innotirum
243 1269 403 1336 osurierit
423 1277 589 1336 rectissime
613 1277 755 1353 scriptum
778 1292 844 1334 esse
867 1280 900 1334 ut
923 1276 954 1335 in
977 1292 1064 1335 causa

56 1379 118 1422 non
136 1379 154 1422 3
170 1359 310 1422 Lucretio
329 1362 381 1423 sed
401 1382 417 1423 3
436 1365 536 1423 nescio
552 1381 610 1442 quo
625 1381 713 1442 quern
728 1361 785 1423 sihi
798 1364 882 1440 fingit
896 1363 1063 1423 adversario

55 1448 180 1529 prolato.
202 1482 243 1491 —
267 1447 333 1512 463
355 1468 488 1530 comque
510 1447 599 1512 olocd
619 1449 759 1527 saeclis,
782 1447 871 1512 aliud
890 1448 1064 1530 repionctus

54 1533 139 1616 c'pso‘s
150 1555 182 1597 s:
198 1535 307 1600 saeclis
324 1539 357 1599 B.
376 1537 466 1601 terro's
484 1538 542 1610 00.
554 1542 675 1619 persest
690 1537 752 1599 Lm.
771 1557 804 1598 rc
822 1557 882 1599 non
900 1547 1063 1620 perspecto,

58 1622 186 1688 Tenues
208 1628 284 1686 rniro
303 1645 405 1689 errore
422 1627 474 1688 Mr.
489 1660 532 1670 —
551 1625 615 1690 467
641 1624 832 1707 Tyndaridos
851 1626 973 1704 forma
996 1644 1063 1687 core

55 1711 152 1793 flatos
174 1713 296 1776 ammio
317 1713 401 1794 opscos
419 1714 516 1776 Bkm.:
536 1714 646 1794 form
660 1763 667 1775 .
682 1763 689 1776 .
704 1732 806 1776 umore
824 1713 882 1784 00.
899 1712 1020 1792 formos
1033 1761 1062 1774 ..

56 1819 162 1864 encore
190 1803 255 1863 edd.
282 1822 375 1882 paene
403 1806 511 1883 inepte.
535 1837 577 1846 —
600 1800 665 1865 483
676 1822 718 1882 sq.
746 1800 920 1864 transii..
943 1798 1063 1882 fohem

56 1887 135 1952 meti
152 1936 160 1952 .
179 1936 187 1951 .
206 1886 321 1953 clomor
337 1895 374 1953 ut
390 1909 427 1953 ac
445 1909 536 1955 uoces.
573 1890 698 1963 OQ.Mr.:
787 1887 912 1965 coelum,
1003 1888 1063 1952 cla-

55 1996 125 2041 mor
141 1977 170 2040 o't
184 1978 289 2059 Lm.B.,
308 1980 380 2040 falso
400 1979 617 2060 3171226331.
637 2013 678 2022 —
699 1976 762 2042 511
782 1977 876 2041 icone
890 2025 897 2038 .
912 2024 919 2038 .
934 2025 942 2040 .
959 1997 1064 2041 rcum

56 2067 186 2138 OQ.Mr.:
208 2064 245 2128 iu
263 2065 347 2130 rebu’
370 2067 432 2128 Lm.
454 2086 560 2130 oerum
582 2068 613 2128 B.
630 2085 750 2148 purum
772 2086 825 2146 ego
849 2067 919 2127 olim
942 2072 1063 2150 conieci,

56 2161 179 2235 praeter
190 2159 408 2236 necessitatem,
422 2157 458 2217 cf.
469 2156 623 2217 Stuerenb.
637 2176 665 2236 p.
675 2154 740 2217 427
755 2165 814 2217 not.
827 2154 876 2218 13.
892 2189 933 2199 -
948 2154 1063 2236 512sq.

55 2240 200 2306 materies
221 2240 325 2324 potor,
347 2241 444 2307 solido
466 2263 545 2325 poue
566 2261 688 2324 corpore
709 2247 833 2324 constet,
855 2261 917 2307 esse
939 2247 1064 2306 aeterua

53 2333 159 2412 potest.
191 2349 252 2392 non
274 2340 355 2394 recte
375 2333 444 2393 olim
463 2336 598 2394 concessi
617 2333 857 2413 Stuerenburgio,
875 2332 893 2392 l.
912 2351 936 2393 c.
955 2353 983 2410 p.
997 2330 1062 2392 429

56 2419 112 2480 hos
139 2438 243 2481 versus
271 2419 307 2480 ab
333 2422 391 2482 hoc
417 2420 481 2481 loco
509 2421 620 2482 alienos
648 2439 727 2482 esse:
759 2421 837 2482 illius
865 2423 944 2481 enim
966 2423 1065 2499 potest

56 2507 131 2569 hnec
153 2515 200 2569 est
222 2510 279 2569 vis:
307 2527 372 2569 eom
395 2509 484 2570 hehet
505 2517 693 2590 potestatem,
715 2517 750 2570 ut
771 2512 811 2570 sit
833 2554 840 2569 .
860 2556 867 2569 .
886 2529 907 2569 .:
931 2509 1063 2588 exempla

57 2598 124 2657 eius
151 2614 224 2658 usus
252 2596 308 2656 alio
332 2596 397 2658 loco
421 2598 548 2658 aiteram.
568 2632 610 2640 —
629 2595 693 2659 517
717 2615 804 2659 omne
825 2595 907 2676 qood
928 2600 973 2660 est
992 2615 1063 2677 spu

57 2681 143 2761 tieem
166 2701 298 2746 vacuom
320 2684 589 2762 constantiense,
607 2685 781 2747 Winckelm.
800 2685 818 2745 l.
837 2705 862 2746 c.
881 2685 947 2764 Brg.
962 2686 1062 2765 philot

57 2771 119 2834 XIV
132 2769 199 2836 533
215 2791 290 2853 sqqc
314 2821 320 2834 .
341 2821 347 2834 .
367 2822 374 2835 .
392 2772 474 2853 quod
493 2777 549 2850 est,
575 2771 711 2853 spatium
736 2792 867 2836 coccum
890 2780 944 2834 etc.
967 2773 1062 2835 omn.

56 2859 168 2922 15.-
186 2857 252 2924 518
275 2878 383 2942 corpus
403 2861 496 2924 couci
514 2882 532 2921 s
550 2860 765 2938 distinctccmst
793 2860 940 2940 quonium
957 2895 1000 2905 -
1020 2897 1061 2906 —
1189 2912 1191 2916 .

10 2938 12 3015 ἶ
56 2947 316 3011 Hoorschelmonn.
340 2950 453 3012 observ.
472 2951 588 3012 Lucret.
612 2951 660 3012 alt.
680 2971 708 3031 p.
729 2949 780 3033 78,
803 2951 838 3011 cf.
858 2969 932 3030 quoe
956 2954 1063 3029 scripsi

10 3058 12 3067 ·
57 3054 121 3099 ann.
149 3036 268 3098 Lucrct.
293 3036 378 3101 1889
400 3058 428 3119 p.
444 3037 506 3101 231
519 3059 561 3120 sq.
567 3087 577 3122 ,
608 3039 661 3100 uhi
688 3040 749 3100 dixi
773 3040 917 3100 eiusmodi
944 3057 1062 3099 vorsum

58 3126 203 3199 excidisse
225 3126 332 3188 rideri:
351 3175 358 3188 .
374 3174 380 3187 .
398 3124 491 3189 inani
509 3125 683 3209 <finitumst
702 3136 732 3189 et
750 3146 873 3206 corpore
892 3130 963 3188 item
984 3128 1062 3207 quod

58 3221 172 3276 constat
205 3212 315 3296 inane>
351 3213 563 3278 distinotumst.
591 3250 634 3260 —
662 3214 787 3278 520..
812 3233 959 3278 comum:
991 3219 1064 3278 sunt

57 3319 135 3382 erpo,
160 3309 294 3383 poteram
317 3306 406 3364 otiam
428 3304 589 3384 distingere
611 3312 645 3365 ut
666 3305 719 3365 Mr.
742 3322 881 3368 vacuom.
903 3307 987 3367 uret:
1009 3325 1061 3367 ou

57 3407 153 3468 ouon,
172 3393 247 3454 suut
258 3391 353 3454 Itm.B.
368 3426 410 3435 —
425 3411 450 3454 r.
466 3389 529 3454 531
545 3387 636 3478 (Lm.)
651 3401 719 3474 post
732 3392 795 3456 537
813 3389 893 3479 (530
906 3387 987 3478 Brg.)
1003 3395 1061 3455 col·

56 3476 183 3542 locatum
206 3481 323 3543 seclusi
360 3483 529 3561 respexisse
551 3489 650 3562 potest
671 3491 757 3563 poeta
777 3484 812 3543 ad
832 3501 879 3563 ea,
903 3500 977 3562 quae
995 3478 1059 3544 481

56 3565 177 3651 -487,
201 3571 305 3631 sinon
324 3572 473 3652 exposuit,
496 3577 611 3651 poterat
628 3577 727 3632 tamon
750 3573 922 3651 exposuisse
945 3571 1002 3631 sibi
1019 3573 1061 3630 vi·
