2438 3998
546 231 585 286 Ill
1027 237 1069 299 91

135 394 228 455 aequo
252 378 409 455 animoque
433 380 514 456 capis
538 397 686 461 securam,
708 378 810 460 stulte,
834 378 985 459 quictem?

136 465 182 523 sin
205 482 240 525 ea
263 482 338 543 quae
361 465 476 525 fructus
499 485 624 545 cumque
648 485 681 527 es
703 470 820 547 periere
843 470 977 550 profusa,
1032 491 1073 532 sao

134 554 251 630 vitaque
274 554 307 612 in
330 553 483 633 offensast,
506 572 559 614 cur
582 554 707 633 amplius
730 556 838 616 addere
861 559 993 639 quaeris,

62 655 118 707 940
134 657 255 700 rursum
283 639 360 719 quod
387 647 490 719 pereat
513 641 589 702 male
612 649 642 702 et
664 644 813 720 ingratum
835 645 949 705 occidat
971 662 1072 725 omne,

64 744 116 794 940
134 745 194 788 non
216 730 317 808 potius
339 730 415 789 vitae
439 730 529 789 tinem
551 730 624 790 facis
647 737 734 809 atque
757 727 887 792 laboris?

134 834 201 877 nam
224 817 281 877 tibi
302 823 456 895 praeterea
479 817 559 896 quod
581 817 734 879 machiner
756 821 976 901 inveniamque,

135 903 212 982 quod
236 904 362 984 placeat,
384 903 427 964 nil
450 912 509 965 est:
532 905 635 966 eadem
658 913 727 967 sunt
749 909 848 967 omnia
870 925 996 988 semper.
1032 929 1072 970 aaa

135 995 161 1052 si
183 992 239 1052 tibi
261 1010 320 1052 non
344 994 430 1052 annis
453 1011 561 1072 corpus
584 996 642 1053 iam
664 1001 777 1056 marcet
799 1001 829 1055 et
851 1001 933 1056 artus

63 1096 117 1146 945
135 1081 261 1141 consecti
283 1079 436 1160 languent,
459 1080 563 1141 eadem
585 1087 684 1142 mmen
706 1085 804 1143 omnia
825 1089 952 1165 restant,

62 1184 115 1233 945
136 1170 233 1228 omnia
257 1170 283 1228 si
305 1186 411 1247 pergas
433 1168 557 1229 vivendo
579 1171 699 1230 vincere
722 1170 830 1250 saecla,

134 1264 221 1335 atque
245 1258 334 1316 etiam
356 1258 468 1336 potius,
491 1258 519 1316 si
540 1275 701 1336 numquam
723 1260 765 1318 sis
787 1253 971 1339 moriturus',

135 1344 205 1422 quid
228 1343 456 1424 respondemus,
478 1346 538 1404 nisi
561 1347 669 1406 iustam
691 1346 845 1407 intendere
868 1346 951 1408 litem
1031 1369 1071 1411 sao

134 1439 270 1492 naturam
293 1438 323 1491 et
345 1449 444 1492 veram
466 1431 566 1493 verbis
589 1451 737 1512 exponere
760 1431 899 1495 causam?

60 1536 117 1587 950
134 1521 274 1598 grandior
295 1519 345 1579 hic
367 1538 438 1580 vcro
461 1522 488 1580 si
510 1522 569 1580 iam
592 1523 750 1600 seniorque
774 1529 914 1600 queratur
1032 1543 1071 1585 aas

61 1615 221 1687 abeatque
245 1606 359 1668 obitum
381 1606 558 1669 lamentetur
579 1611 672 1669 miser
694 1608 819 1689 amplius
843 1628 950 1690 aequo,
1031 1631 1071 1673 aas

134 1714 193 1757 non
216 1698 323 1756 merito
345 1694 484 1756 inclamet
505 1698 599 1774 magis
622 1704 653 1757 et
673 1714 745 1757 voce
767 1699 902 1777 increpet
924 1693 1007 1758 acri?
1031 1720 1070 1761 sae

134 1781 229 1845 ‘auser
252 1783 359 1844 abhinc
382 1783 527 1863 lacrimas,
548 1782 671 1865 balatro,
693 1792 724 1845 et
741 1802 895 1864 compesce
915 1784 1070 1865 querellas.

134 1875 232 1933 omnia
254 1872 428 1952 perfunctus
451 1873 522 1932 vitai
543 1874 674 1950 praemia
696 1890 824 1933 marces:
1031 1895 1071 1936 aaa

60 1975 118 2027 955
134 1961 186 2021 sed
210 1962 278 2039 quia
302 1977 421 2039 semper
442 1977 511 2020 ares
535 1959 613 2039 quod
636 1958 732 2040 abest,
758 1962 925 2039 praesentia
947 1963 1070 2041 temnis,

62 2064 115 2114 955
134 2049 296 2127 inperfecta
318 2047 374 2107 tibi
397 2047 524 2126 elapsast
545 2050 719 2126 ingrataque
741 2050 814 2128 vita,

135 2143 165 2196 et
186 2137 377 2214 necopinanti
398 2153 480 2196 mors
502 2135 538 2196 ad
561 2142 649 2215 caput
671 2135 784 2196 adstitit
806 2142 873 2197 ante

135 2242 222 2302 quam
245 2230 327 2284 satur
350 2241 384 2284 ac
406 2221 513 2302 plenus
535 2225 632 2302 possis
655 2223 808 2284 discedere
831 2241 941 2285 rerum.
1031 2246 1071 2288 eoo

134 2329 213 2371 nunc
236 2311 329 2372 aliena
352 2317 403 2372 tua
425 2319 524 2371 tamen
547 2316 641 2371 aetate
664 2313 763 2371 omnia
785 2313 869 2372 mitte

60 2416 118 2466 900
134 2417 228 2478 aequo
251 2401 421 2478 animoque,
448 2398 586 2479 agedum,
609 2400 705 2477 gnatis
728 2399 870 2460 concede:
897 2395 1071 2460 necessest!

61 2502 115 2552 900
134 2489 214 2567 iure,
236 2494 270 2547 ut
292 2489 411 2566 opinor,
434 2492 513 2567 agat,
536 2488 601 2547 iure
623 2489 758 2565 increpet
779 2485 953 2565 inciletque:

134 2575 213 2635 cedit
236 2577 315 2635 enim
338 2592 439 2634 rerum
461 2576 590 2635 novitate
614 2581 733 2635 extrusa
755 2581 886 2635 vetustas

134 2680 265 2743 semper,
288 2669 377 2722 etex
399 2661 465 2722 aliis
488 2661 567 2722 aliud
590 2680 728 2742 reparare
751 2668 911 2723 necessest.
1032 2682 1072 2724 sea

133 2769 188 2811 nec
211 2752 367 2828 quisquam
392 2752 425 2810 in
446 2749 618 2811 barathrum
640 2768 696 2811 nec
713 2749 835 2810 Tartara
858 2749 976 2811 deditur
994 2755 1070 2810 atra:

60 2853 117 2903 905
133 2840 272 2899 materies
296 2856 370 2917 opus
393 2846 453 2918 est,
474 2845 508 2900 ut
530 2845 666 2899 crescant
687 2846 805 2916 postera
829 2836 936 2918 saecla3

60 2940 114 2991 965
135 2945 209 3005 quac
232 2933 331 2987 tamen
354 2928 452 2986 omnia
474 2934 504 2987 te
526 2928 586 2986 vita
608 2925 763 3004 perfuncta
786 2932 960 3005 sequentur:

133 3032 189 3074 nec
207 3016 306 3075 minus
325 3031 395 3092 ergo
414 3020 481 3074 ante
498 3013 573 3074 haec
593 3031 681 3092 quam
694 3020 728 3074 tn
742 3013 876 3074 cecidere
898 3012 1070 3092 cadentque.

133 3103 177 3161 sic
200 3101 259 3162 alid
283 3121 318 3162 cx
342 3101 398 3162 alio
421 3119 582 3179 numquam
604 3101 729 3162 desistet
752 3103 837 3181 oriri,
1031 3123 1071 3164 sao

131 3192 250 3269 vitaque
272 3191 419 3268 mancipio
442 3187 516 3248 nulli
538 3188 638 3269 datur,
660 3188 798 3250 omnibus
820 3207 885 3250 usu.

59 3292 117 3343 970
132 3280 249 3356 respice
272 3279 345 3337 item
368 3295 456 3356 quam
478 3275 521 3336 nil
543 3277 580 3337 ad
602 3295 657 3337 nos
680 3284 747 3338 ante
770 3284 834 3338 acta
855 3283 986 3340 vetustas

58 3381 113 3431 970
132 3366 276 3444 temporis
298 3366 412 3426 aeterni
434 3365 536 3445 fuerit,
559 3383 647 3443 quam
669 3368 819 3427 nascimur
841 3372 918 3425 ante.

131 3453 188 3513 hoo
209 3455 301 3532 igitur
323 3452 477 3532 speculum
499 3451 585 3513 nobis
608 3459 713 3514 natura
735 3453 829 3514 futuri

132 3543 275 3620 temporis
298 3543 418 3621 exponit
440 3548 507 3619 post
529 3548 655 3601 mortem
678 3540 806 3620 denique
829 3548 970 3602 nostram.
1031 3560 1070 3602 aas
