<?xml version="1.0" encoding="UTF-8"?>
<!DOCTYPE html PUBLIC "-//W3C//DTD XHTML 1.0 Transitional//EN"
    "http://www.w3.org/TR/xhtml1/DTD/xhtml1-transitional.dtd">
<html xmlns="http://www.w3.org/1999/xhtml" xml:lang="en" lang="en">
 <head>
  <title>
</title>
<meta http-equiv="Content-Type" content="text/html;charset=utf-8" />
  <meta name='ocr-system' content='tesseract 3.04.00' />
  <meta name='ocr-capabilities' content='ocr_page ocr_carea ocr_par ocr_line ocrx_word'/>
</head>
<body>
  <div class='ocr_page' id='page_1' title='image "./tlucreticarider02carugoog_0162.png"; bbox 0 0 2438 3998; ppageno 0'>
   <div class='ocr_carea' id='block_1_1' title="bbox 557 218 596 271">
    <p class='ocr_par' dir='ltr' id='par_1_1' title="bbox 557 218 596 271">
     <span class='ocr_line' id='line_1_1' title="bbox 557 218 596 271; baseline 0 0"><span class='ocrx_word' id='word_1_1' title='bbox 557 218 596 271; x_wconf 92' lang='lat' dir='ltr'><strong>III</strong></span> 
     </span>
    </p>
   </div>
   <div class='ocr_carea' id='block_1_2' title="bbox 73 363 1026 3606">
    <p class='ocr_par' dir='ltr' id='par_1_2' title="bbox 145 363 947 535">
     <span class='ocr_line' id='line_1_2' title="bbox 145 363 947 446; baseline 0.002 -21"><span class='ocrx_word' id='word_1_2' title='bbox 145 371 175 425; x_wconf 92' lang='lat' dir='ltr'><strong>et</strong></span> <span class='ocrx_word' id='word_1_3' title='bbox 197 363 276 424; x_wconf 90' lang='lat' dir='ltr'><strong>calor</strong></span> <span class='ocrx_word' id='word_1_4' title='bbox 299 367 377 425; x_wconf 91' lang='lat' dir='ltr'><strong>inter</strong></span> <span class='ocrx_word' id='word_1_5' title='bbox 400 383 432 425; x_wconf 88' lang='lat' dir='ltr'><strong>se</strong></span> <span class='ocrx_word' id='word_1_6' title='bbox 454 367 574 443; x_wconf 87' lang='lat' dir='ltr'><strong>vigeant</strong></span> <span class='ocrx_word' id='word_1_7' title='bbox 596 367 752 426; x_wconf 82' lang='lat' dir='ltr'><strong>commixta</strong></span> <span class='ocrx_word' id='word_1_8' title='bbox 774 384 829 445; x_wconf 87' lang='lat' dir='ltr'><strong>per</strong></span> <span class='ocrx_word' id='word_1_9' title='bbox 852 373 947 446; x_wconf 91' lang='lat' dir='ltr'><strong>artus,</strong></span> 
     </span>
     <span class='ocr_line' id='line_1_3' title="bbox 145 451 886 535; baseline 0.003 -23"><span class='ocrx_word' id='word_1_10' title='bbox 145 460 232 530; x_wconf 88' lang='lat' dir='ltr'><strong>atque</strong></span> <span class='ocrx_word' id='word_1_11' title='bbox 255 451 326 512; x_wconf 90' lang='lat' dir='ltr'><strong>alias</strong></span> <span class='ocrx_word' id='word_1_12' title='bbox 350 451 428 513; x_wconf 93' lang='lat' dir='ltr'><strong>aliud</strong></span> <span class='ocrx_word' id='word_1_13' title='bbox 452 452 549 512; x_wconf 82' lang='lat' dir='ltr'>subsit</span> <span class='ocrx_word' id='word_1_14' title='bbox 570 455 663 530; x_wconf 91' lang='lat' dir='ltr'><strong>magis</strong></span> <span class='ocrx_word' id='word_1_15' title='bbox 686 456 886 535; x_wconf 89' lang='lat' dir='ltr'><strong>emineatque,</strong></span> 
     </span>
    </p>

    <p class='ocr_par' dir='ltr' id='par_1_3' title="bbox 73 540 996 952">
     <span class='ocr_line' id='line_1_4' title="bbox 73 540 931 622; baseline 0.005 -24"><span class='ocrx_word' id='word_1_16' title='bbox 73 549 125 599; x_wconf 76' lang='lat'><strong>285</strong></span> <span class='ocrx_word' id='word_1_17' title='bbox 145 547 178 601; x_wconf 90' lang='lat' dir='ltr'><strong>ut</strong></span> <span class='ocrx_word' id='word_1_18' title='bbox 201 540 339 619; x_wconf 84' lang='lat' dir='ltr'>quiddam</span> <span class='ocrx_word' id='word_1_19' title='bbox 362 541 428 600; x_wconf 87' lang='lat' dir='ltr'><strong>fieri</strong></span> <span class='ocrx_word' id='word_1_20' title='bbox 449 540 584 601; x_wconf 90' lang='lat' dir='ltr'><strong>videatur</strong></span> <span class='ocrx_word' id='word_1_21' title='bbox 606 540 642 600; x_wconf 90' lang='lat' dir='ltr'><strong>ab</strong></span> <span class='ocrx_word' id='word_1_22' title='bbox 666 540 803 602; x_wconf 84' lang='lat' dir='ltr'><strong>omuibus</strong></span> <span class='ocrx_word' id='word_1_23' title='bbox 825 560 931 622; x_wconf 91' lang='lat' dir='ltr'><strong>unum,</strong></span> 
     </span>
     <span class='ocr_line' id='line_1_5' title="bbox 144 628 996 709; baseline 0.002 -21"><span class='ocrx_word' id='word_1_24' title='bbox 144 647 181 688; x_wconf 91' lang='lat' dir='ltr'><strong>ne</strong></span> <span class='ocrx_word' id='word_1_25' title='bbox 205 628 284 688; x_wconf 88' lang='lat' dir='ltr'><strong>calor</strong></span> <span class='ocrx_word' id='word_1_26' title='bbox 307 646 341 688; x_wconf 90' lang='lat' dir='ltr'><strong>ac</strong></span> <span class='ocrx_word' id='word_1_27' title='bbox 363 635 469 688; x_wconf 90' lang='lat' dir='ltr'><strong>ventus</strong></span> <span class='ocrx_word' id='word_1_28' title='bbox 492 645 627 688; x_wconf 91' lang='lat' dir='ltr'><strong>seorsum</strong></span> <span class='ocrx_word' id='word_1_29' title='bbox 650 646 842 708; x_wconf 79' lang='lat' dir='ltr'>seorsumque</span> <span class='ocrx_word' id='word_1_30' title='bbox 864 637 996 709; x_wconf 90' lang='lat' dir='ltr'><strong>potestas</strong></span> 
     </span>
     <span class='ocr_line' id='line_1_6' title="bbox 145 716 912 794; baseline 0.001 -18"><span class='ocrx_word' id='word_1_31' title='bbox 145 717 224 776; x_wconf 73' lang='lat' dir='ltr'><strong>aeris</strong></span> <span class='ocrx_word' id='word_1_32' title='bbox 246 717 424 776; x_wconf 79' lang='lat' dir='ltr'><strong>interemant</strong></span> <span class='ocrx_word' id='word_1_33' title='bbox 447 733 568 776; x_wconf 89' lang='lat' dir='ltr'><strong>sensum</strong></span> <span class='ocrx_word' id='word_1_34' title='bbox 591 716 767 794; x_wconf 82' lang='lat' dir='ltr'>diductaque</span> <span class='ocrx_word' id='word_1_35' title='bbox 792 717 912 778; x_wconf 87' lang='lat' dir='ltr'><strong>solvant.</strong></span> 
     </span>
     <span class='ocr_line' id='line_1_7' title="bbox 144 803 989 884; baseline 0 -20"><span class='ocrx_word' id='word_1_36' title='bbox 144 810 191 864; x_wconf 93' lang='lat' dir='ltr'><strong>est</strong></span> <span class='ocrx_word' id='word_1_37' title='bbox 213 805 323 864; x_wconf 83' lang='lat' dir='ltr'><strong>etenim</strong></span> <span class='ocrx_word' id='word_1_38' title='bbox 346 803 426 864; x_wconf 87' lang='lat' dir='ltr'><strong>calor</strong></span> <span class='ocrx_word' id='word_1_39' title='bbox 448 803 497 863; x_wconf 90' lang='lat' dir='ltr'><strong>ille</strong></span> <span class='ocrx_word' id='word_1_40' title='bbox 520 805 631 884; x_wconf 88' lang='lat' dir='ltr'><strong>animo,</strong></span> <span class='ocrx_word' id='word_1_41' title='bbox 655 822 743 882; x_wconf 89' lang='lat' dir='ltr'><strong>quem</strong></span> <span class='ocrx_word' id='word_1_42' title='bbox 766 807 868 884; x_wconf 93' lang='lat' dir='ltr'><strong>sumit,</strong></span> <span class='ocrx_word' id='word_1_43' title='bbox 890 807 922 864; x_wconf 90' lang='lat' dir='ltr'><strong>in</strong></span> <span class='ocrx_word' id='word_1_44' title='bbox 945 807 989 864; x_wconf 89' lang='lat' dir='ltr'><strong>ira</strong></span> 
     </span>
     <span class='ocr_line' id='line_1_8' title="bbox 145 891 957 952; baseline 0.001 -1"><span class='ocrx_word' id='word_1_45' title='bbox 145 909 213 951; x_wconf 94' lang='lat' dir='ltr'><strong>cum</strong></span> <span class='ocrx_word' id='word_1_46' title='bbox 236 891 374 951; x_wconf 83' lang='lat' dir='ltr'><strong>fervescit</strong></span> <span class='ocrx_word' id='word_1_47' title='bbox 397 897 427 951; x_wconf 90' lang='lat' dir='ltr'><strong>et</strong></span> <span class='ocrx_word' id='word_1_48' title='bbox 449 909 485 951; x_wconf 81' lang='lat' dir='ltr'><strong>ex</strong></span> <span class='ocrx_word' id='word_1_49' title='bbox 509 891 602 951; x_wconf 90' lang='lat' dir='ltr'><strong>oculis</strong></span> <span class='ocrx_word' id='word_1_50' title='bbox 624 894 714 952; x_wconf 91' lang='lat' dir='ltr'><strong>micat</strong></span> <span class='ocrx_word' id='word_1_51' title='bbox 736 893 834 952; x_wconf 90' lang='lat' dir='ltr'><strong>acrius</strong></span> <span class='ocrx_word' id='word_1_52' title='bbox 857 892 957 952; x_wconf 90' lang='lat' dir='ltr'><strong>ardor:</strong></span> 
     </span>
    </p>

    <p class='ocr_par' dir='ltr' id='par_1_4' title="bbox 73 979 961 1408">
     <span class='ocr_line' id='line_1_9' title="bbox 73 979 931 1059; baseline 0.005 -23"><span class='ocrx_word' id='word_1_53' title='bbox 73 985 190 1040; x_wconf 73' lang='lat' dir='ltr'><strong>estest</strong></span> <span class='ocrx_word' id='word_1_54' title='bbox 213 986 243 1039; x_wconf 90' lang='lat' dir='ltr'><strong>et</strong></span> <span class='ocrx_word' id='word_1_55' title='bbox 265 979 371 1056; x_wconf 85' lang='lat' dir='ltr'><strong>frigida</strong></span> <span class='ocrx_word' id='word_1_56' title='bbox 394 979 499 1059; x_wconf 90' lang='lat' dir='ltr'><strong>multa,</strong></span> <span class='ocrx_word' id='word_1_57' title='bbox 522 997 622 1040; x_wconf 86' lang='lat' dir='ltr'><strong>cemes</strong></span> <span class='ocrx_word' id='word_1_58' title='bbox 645 979 825 1059; x_wconf 82' lang='lat' dir='ltr'>formidinis,</span> <span class='ocrx_word' id='word_1_59' title='bbox 848 997 931 1058; x_wconf 90' lang='lat' dir='ltr'><strong>aura,</strong></span> 
     </span>
     <span class='ocr_line' id='line_1_10' title="bbox 145 1066 961 1146; baseline 0 -19"><span class='ocrx_word' id='word_1_60' title='bbox 145 1085 219 1146; x_wconf 93' lang='lat' dir='ltr'><strong>quae</strong></span> <span class='ocrx_word' id='word_1_61' title='bbox 243 1068 301 1126; x_wconf 87' lang='lat' dir='ltr'><strong>ciet</strong></span> <span class='ocrx_word' id='word_1_62' title='bbox 322 1066 477 1126; x_wconf 89' lang='lat' dir='ltr'><strong>horrorem</strong></span> <span class='ocrx_word' id='word_1_63' title='bbox 499 1067 641 1127; x_wconf 87' lang='lat' dir='ltr'><strong>memhris</strong></span> <span class='ocrx_word' id='word_1_64' title='bbox 665 1074 695 1128; x_wconf 94' lang='lat' dir='ltr'><strong>et</strong></span> <span class='ocrx_word' id='word_1_65' title='bbox 717 1069 845 1128; x_wconf 89' lang='lat' dir='ltr'><strong>concitat</strong></span> <span class='ocrx_word' id='word_1_66' title='bbox 867 1075 961 1128; x_wconf 90' lang='lat' dir='ltr'><strong>artus:</strong></span> 
     </span>
     <span class='ocr_line' id='line_1_11' title="bbox 146 1155 868 1236; baseline 0.001 -23"><span class='ocrx_word' id='word_1_67' title='bbox 146 1162 192 1214; x_wconf 91' lang='lat' dir='ltr'><strong>est</strong></span> <span class='ocrx_word' id='word_1_68' title='bbox 215 1156 303 1214; x_wconf 91' lang='lat' dir='ltr'><strong>etiam</strong></span> <span class='ocrx_word' id='word_1_69' title='bbox 326 1172 443 1232; x_wconf 73' lang='lat' dir='ltr'><strong>qumque</strong></span> <span class='ocrx_word' id='word_1_70' title='bbox 466 1157 563 1234; x_wconf 90' lang='lat' dir='ltr'><strong>pacati</strong></span> <span class='ocrx_word' id='word_1_71' title='bbox 586 1162 679 1215; x_wconf 91' lang='lat' dir='ltr'><strong>status</strong></span> <span class='ocrx_word' id='word_1_72' title='bbox 704 1157 782 1217; x_wconf 78' lang='lat' dir='ltr'><strong>airis</strong></span> <span class='ocrx_word' id='word_1_73' title='bbox 805 1155 868 1236; x_wconf 88' lang='lat' dir='ltr'><strong>ilie,</strong></span> 
     </span>
     <span class='ocr_line' id='line_1_12' title="bbox 145 1241 874 1322; baseline 0.001 -20"><span class='ocrx_word' id='word_1_74' title='bbox 145 1249 264 1322; x_wconf 90' lang='lat' dir='ltr'><strong>pectore</strong></span> <span class='ocrx_word' id='word_1_75' title='bbox 287 1241 445 1320; x_wconf 91' lang='lat' dir='ltr'><strong>tranquillo</strong></span> <span class='ocrx_word' id='word_1_76' title='bbox 469 1245 521 1321; x_wconf 93' lang='lat' dir='ltr'><strong>qui</strong></span> <span class='ocrx_word' id='word_1_77' title='bbox 543 1243 576 1302; x_wconf 87' lang='lat' dir='ltr'><strong>fit</strong></span> <span class='ocrx_word' id='word_1_78' title='bbox 598 1242 736 1322; x_wconf 87' lang='lat' dir='ltr'><strong>vultuque</strong></span> <span class='ocrx_word' id='word_1_79' title='bbox 760 1261 874 1303; x_wconf 84' lang='lat' dir='ltr'><strong>sereno.</strong></span> 
     </span>
     <span class='ocr_line' id='line_1_13' title="bbox 146 1329 893 1408; baseline 0 -18"><span class='ocrx_word' id='word_1_80' title='bbox 146 1330 198 1390; x_wconf 88' lang='lat' dir='ltr'><strong>sed</strong></span> <span class='ocrx_word' id='word_1_81' title='bbox 221 1329 308 1390; x_wconf 91' lang='lat' dir='ltr'><strong>calidi</strong></span> <span class='ocrx_word' id='word_1_82' title='bbox 330 1329 397 1408; x_wconf 90' lang='lat' dir='ltr'><strong>pius</strong></span> <span class='ocrx_word' id='word_1_83' title='bbox 421 1337 467 1390; x_wconf 90' lang='lat' dir='ltr'><strong>est</strong></span> <span class='ocrx_word' id='word_1_84' title='bbox 489 1329 548 1389; x_wconf 91' lang='lat' dir='ltr'><strong>illis</strong></span> <span class='ocrx_word' id='word_1_85' title='bbox 572 1329 680 1408; x_wconf 88' lang='lat' dir='ltr'><strong>quihus</strong></span> <span class='ocrx_word' id='word_1_86' title='bbox 703 1333 782 1391; x_wconf 87' lang='lat' dir='ltr'><strong>acria</strong></span> <span class='ocrx_word' id='word_1_87' title='bbox 805 1332 893 1391; x_wconf 85' lang='lat' dir='ltr'><strong>cerda</strong></span> 
     </span>
    </p>

    <p class='ocr_par' dir='ltr' id='par_1_5' title="bbox 74 1417 1026 1672">
     <span class='ocr_line' id='line_1_14' title="bbox 74 1417 882 1499; baseline 0.002 -23"><span class='ocrx_word' id='word_1_88' title='bbox 74 1426 126 1477; x_wconf 79' lang='lat'><strong>295</strong></span> <span class='ocrx_word' id='word_1_89' title='bbox 146 1417 344 1495; x_wconf 79' lang='lat' dir='ltr'><strong>iracundaque</strong></span> <span class='ocrx_word' id='word_1_90' title='bbox 367 1436 452 1477; x_wconf 92' lang='lat' dir='ltr'><strong>mens</strong></span> <span class='ocrx_word' id='word_1_91' title='bbox 474 1417 559 1477; x_wconf 89' lang='lat' dir='ltr'><strong>iacile</strong></span> <span class='ocrx_word' id='word_1_92' title='bbox 582 1419 749 1478; x_wconf 86' lang='lat' dir='ltr'><strong>eiiervescit</strong></span> <span class='ocrx_word' id='word_1_93' title='bbox 770 1420 801 1478; x_wconf 92' lang='lat' dir='ltr'><strong>in</strong></span> <span class='ocrx_word' id='word_1_94' title='bbox 824 1420 882 1499; x_wconf 79' lang='lat' dir='ltr'><strong>ira3</strong></span> 
     </span>
     <span class='ocr_line' id='line_1_15' title="bbox 146 1505 957 1586; baseline 0.001 -21"><span class='ocrx_word' id='word_1_95' title='bbox 146 1524 204 1583; x_wconf 91' lang='lat' dir='ltr'><strong>quo</strong></span> <span class='ocrx_word' id='word_1_96' title='bbox 227 1523 336 1584; x_wconf 82' lang='lat' dir='ltr'><strong>genere</strong></span> <span class='ocrx_word' id='word_1_97' title='bbox 359 1507 518 1583; x_wconf 90' lang='lat' dir='ltr'><strong>inprimis</strong></span> <span class='ocrx_word' id='word_1_98' title='bbox 541 1507 585 1565; x_wconf 90' lang='lat' dir='ltr'><strong>vis</strong></span> <span class='ocrx_word' id='word_1_99' title='bbox 608 1512 655 1566; x_wconf 92' lang='lat' dir='ltr'><strong>est</strong></span> <span class='ocrx_word' id='word_1_100' title='bbox 676 1506 803 1566; x_wconf 87' lang='lat' dir='ltr'><strong>violenta</strong></span> <span class='ocrx_word' id='word_1_101' title='bbox 825 1505 957 1586; x_wconf 89' lang='lat' dir='ltr'><strong>leonum,</strong></span> 
     </span>
     <span class='ocr_line' id='line_1_16' title="bbox 145 1593 1026 1672; baseline -0.002 -18"><span class='ocrx_word' id='word_1_102' title='bbox 145 1600 265 1672; x_wconf 88' lang='lat' dir='ltr'><strong>pectora</strong></span> <span class='ocrx_word' id='word_1_103' title='bbox 289 1595 340 1671; x_wconf 93' lang='lat' dir='ltr'><strong>qui</strong></span> <span class='ocrx_word' id='word_1_104' title='bbox 363 1593 483 1653; x_wconf 82' lang='lat' dir='ltr'><strong>fremitu</strong></span> <span class='ocrx_word' id='word_1_105' title='bbox 505 1599 648 1671; x_wconf 94' lang='lat' dir='ltr'><strong>rumpunt</strong></span> <span class='ocrx_word' id='word_1_106' title='bbox 669 1593 843 1672; x_wconf 91' lang='lat' dir='ltr'><strong>plerumque</strong></span> <span class='ocrx_word' id='word_1_107' title='bbox 866 1599 1026 1670; x_wconf 82' lang='lat' dir='ltr'><strong>gementes.</strong></span> 
     </span>
    </p>

    <p class='ocr_par' dir='ltr' id='par_1_6' title="bbox 569 1699 587 1738">
     <span class='ocr_line' id='line_1_17' title="bbox 569 1699 587 1738; baseline 0 -8"><span class='ocrx_word' id='word_1_108' title='bbox 569 1699 587 1738; x_wconf 70' lang='grc' dir='ltr'><strong>ιιι</strong></span> 
     </span>
    </p>

    <p class='ocr_par' dir='ltr' id='par_1_7' title="bbox 144 1677 976 1934">
     <span class='ocr_line' id='line_1_18' title="bbox 144 1677 976 1848; baseline -0.004 -19"><span class='ocrx_word' id='word_1_109' title='bbox 144 1677 201 1830; x_wconf 57' lang='lat' dir='ltr'><strong>&#39;iaec</strong></span> <span class='ocrx_word' id='word_1_110' title='bbox 224 1786 329 1848; x_wconf 91' lang='lat' dir='ltr'><strong>capere</strong></span> <span class='ocrx_word' id='word_1_111' title='bbox 352 1770 463 1828; x_wconf 89' lang='lat' dir='ltr'><strong>irarum</strong></span> <span class='ocrx_word' id='word_1_112' title='bbox 486 1767 594 1827; x_wconf 86' lang='lat' dir='ltr'><strong>fluctus</strong></span> <span class='ocrx_word' id='word_1_113' title='bbox 617 1770 649 1828; x_wconf 93' lang='lat' dir='ltr'><strong>in</strong></span> <span class='ocrx_word' id='word_1_114' title='bbox 671 1774 791 1845; x_wconf 89' lang='lat' dir='ltr'><strong>pectore</strong></span> <span class='ocrx_word' id='word_1_115' title='bbox 814 1763 976 1847; x_wconf 67' lang='lat' dir='ltr'><strong>possuntfl</strong></span> 
     </span>
     <span class='ocr_line' id='line_1_19' title="bbox 146 1855 916 1934; baseline -0.004 -17"><span class='ocrx_word' id='word_1_116' title='bbox 146 1865 176 1917; x_wconf 90' lang='lat' dir='ltr'><strong>at</strong></span> <span class='ocrx_word' id='word_1_117' title='bbox 196 1864 318 1917; x_wconf 84' lang='lat' dir='ltr'><strong>ventosa</strong></span> <span class='ocrx_word' id='word_1_118' title='bbox 340 1859 433 1934; x_wconf 91' lang='lat' dir='ltr'><strong>magis</strong></span> <span class='ocrx_word' id='word_1_119' title='bbox 457 1873 611 1915; x_wconf 81' lang='lat' dir='ltr'><strong>cervorum</strong></span> <span class='ocrx_word' id='word_1_120' title='bbox 634 1855 740 1932; x_wconf 90' lang='lat' dir='ltr'><strong>irigida</strong></span> <span class='ocrx_word' id='word_1_121' title='bbox 762 1872 847 1914; x_wconf 90' lang='lat' dir='ltr'><strong>mens</strong></span> <span class='ocrx_word' id='word_1_122' title='bbox 870 1861 916 1914; x_wconf 91' lang='lat' dir='ltr'><strong>est</strong></span> 
     </span>
    </p>

    <p class='ocr_par' dir='ltr' id='par_1_8' title="bbox 75 1944 997 2376">
     <span class='ocr_line' id='line_1_20' title="bbox 75 1944 902 2022; baseline 0 -20"><span class='ocrx_word' id='word_1_123' title='bbox 75 1953 127 2003; x_wconf 87' lang='lat'><strong>300</strong></span> <span class='ocrx_word' id='word_1_124' title='bbox 146 1953 177 2004; x_wconf 92' lang='lat' dir='ltr'><strong>et</strong></span> <span class='ocrx_word' id='word_1_125' title='bbox 198 1944 310 2022; x_wconf 87' lang='lat' dir='ltr'><strong>gelidas</strong></span> <span class='ocrx_word' id='word_1_126' title='bbox 333 1946 420 2004; x_wconf 88' lang='lat' dir='ltr'><strong>citius</strong></span> <span class='ocrx_word' id='word_1_127' title='bbox 443 1945 632 2022; x_wconf 84' lang='lat' dir='ltr'><strong>perviscera</strong></span> <span class='ocrx_word' id='word_1_128' title='bbox 655 1945 782 2003; x_wconf 87' lang='lat' dir='ltr'><strong>concitat</strong></span> <span class='ocrx_word' id='word_1_129' title='bbox 804 1960 902 2022; x_wconf 91' lang='lat' dir='ltr'><strong>auras,</strong></span> 
     </span>
     <span class='ocr_line' id='line_1_21' title="bbox 147 2029 997 2110; baseline -0.004 -18"><span class='ocrx_word' id='word_1_130' title='bbox 147 2051 222 2110; x_wconf 89' lang='lat' dir='ltr'><strong>quae</strong></span> <span class='ocrx_word' id='word_1_131' title='bbox 244 2031 405 2092; x_wconf 89' lang='lat' dir='ltr'><strong>tremulum</strong></span> <span class='ocrx_word' id='word_1_132' title='bbox 427 2031 539 2092; x_wconf 88' lang='lat' dir='ltr'><strong>iaciunt</strong></span> <span class='ocrx_word' id='word_1_133' title='bbox 560 2029 703 2090; x_wconf 90' lang='lat' dir='ltr'><strong>membris</strong></span> <span class='ocrx_word' id='word_1_134' title='bbox 726 2032 852 2090; x_wconf 85' lang='lat' dir='ltr'><strong>existere</strong></span> <span class='ocrx_word' id='word_1_135' title='bbox 875 2037 997 2090; x_wconf 91' lang='lat' dir='ltr'><strong>motum.</strong></span> 
     </span>
     <span class='ocr_line' id='line_1_22' title="bbox 147 2118 869 2198; baseline -0.003 -18"><span class='ocrx_word' id='word_1_136' title='bbox 147 2129 177 2180; x_wconf 92' lang='lat' dir='ltr'><strong>at</strong></span> <span class='ocrx_word' id='word_1_137' title='bbox 198 2127 303 2180; x_wconf 90' lang='lat' dir='ltr'><strong>natura</strong></span> <span class='ocrx_word' id='word_1_138' title='bbox 325 2119 416 2180; x_wconf 90' lang='lat' dir='ltr'><strong>houm</strong></span> <span class='ocrx_word' id='word_1_139' title='bbox 438 2118 553 2197; x_wconf 86' lang='lat' dir='ltr'><strong>placido</strong></span> <span class='ocrx_word' id='word_1_140' title='bbox 576 2121 669 2197; x_wconf 90' lang='lat' dir='ltr'><strong>magis</strong></span> <span class='ocrx_word' id='word_1_141' title='bbox 692 2123 760 2178; x_wconf 78' lang='lat' dir='ltr'><strong>aire</strong></span> <span class='ocrx_word' id='word_1_142' title='bbox 785 2120 869 2198; x_wconf 87' lang='lat' dir='ltr'><strong>vivit,</strong></span> 
     </span>
     <span class='ocr_line' id='line_1_23' title="bbox 146 2205 883 2285; baseline -0.004 -17"><span class='ocrx_word' id='word_1_143' title='bbox 146 2226 202 2268; x_wconf 89' lang='lat' dir='ltr'><strong>nec</strong></span> <span class='ocrx_word' id='word_1_144' title='bbox 224 2209 314 2267; x_wconf 91' lang='lat' dir='ltr'><strong>nimis</strong></span> <span class='ocrx_word' id='word_1_145' title='bbox 336 2209 393 2267; x_wconf 90' lang='lat' dir='ltr'><strong>irai</strong></span> <span class='ocrx_word' id='word_1_146' title='bbox 414 2207 462 2267; x_wconf 80' lang='lat' dir='ltr'><strong>fax</strong></span> <span class='ocrx_word' id='word_1_147' title='bbox 485 2225 625 2285; x_wconf 90' lang='lat' dir='ltr'><strong>umquam</strong></span> <span class='ocrx_word' id='word_1_148' title='bbox 648 2205 765 2266; x_wconf 90' lang='lat' dir='ltr'><strong>subdita</strong></span> <span class='ocrx_word' id='word_1_149' title='bbox 787 2208 883 2284; x_wconf 90' lang='lat' dir='ltr'><strong>percit</strong></span> 
     </span>
     <span class='ocr_line' id='line_1_24' title="bbox 146 2292 922 2376; baseline -0.005 -20"><span class='ocrx_word' id='word_1_150' title='bbox 146 2296 270 2376; x_wconf 89' lang='lat' dir='ltr'><strong>fumida,</strong></span> <span class='ocrx_word' id='word_1_151' title='bbox 294 2294 466 2355; x_wconf 82' lang='lat' dir='ltr'><strong>suffundens</strong></span> <span class='ocrx_word' id='word_1_152' title='bbox 490 2312 594 2355; x_wconf 88' lang='lat' dir='ltr'><strong>caecae</strong></span> <span class='ocrx_word' id='word_1_153' title='bbox 617 2292 750 2372; x_wconf 89' lang='lat' dir='ltr'><strong>caliginis</strong></span> <span class='ocrx_word' id='word_1_154' title='bbox 776 2293 922 2374; x_wconf 91' lang='lat' dir='ltr'><strong>umbram,</strong></span> 
     </span>
    </p>

    <p class='ocr_par' dir='ltr' id='par_1_9' title="bbox 76 2381 1007 2812">
     <span class='ocr_line' id='line_1_25' title="bbox 76 2381 828 2462; baseline 0 -21"><span class='ocrx_word' id='word_1_155' title='bbox 76 2392 128 2441; x_wconf 76' lang='lat'><strong>305</strong></span> <span class='ocrx_word' id='word_1_156' title='bbox 147 2403 202 2444; x_wconf 92' lang='lat' dir='ltr'><strong>nec</strong></span> <span class='ocrx_word' id='word_1_157' title='bbox 225 2383 331 2462; x_wconf 82' lang='lat' dir='ltr'><strong>gelidis</strong></span> <span class='ocrx_word' id='word_1_158' title='bbox 354 2389 451 2461; x_wconf 89' lang='lat' dir='ltr'><strong>torpet</strong></span> <span class='ocrx_word' id='word_1_159' title='bbox 473 2381 541 2442; x_wconf 89' lang='lat' dir='ltr'><strong>teiis</strong></span> <span class='ocrx_word' id='word_1_160' title='bbox 563 2383 675 2460; x_wconf 85' lang='lat' dir='ltr'><strong>perfixa</strong></span> <span class='ocrx_word' id='word_1_161' title='bbox 697 2384 828 2462; x_wconf 89' lang='lat' dir='ltr'><strong>pavoris,</strong></span> 
     </span>
     <span class='ocr_line' id='line_1_26' title="bbox 147 2469 916 2549; baseline -0.005 -17"><span class='ocrx_word' id='word_1_162' title='bbox 147 2475 367 2549; x_wconf 91' lang='lat' dir='ltr'><strong>interutrasque</strong></span> <span class='ocrx_word' id='word_1_163' title='bbox 390 2472 475 2530; x_wconf 85' lang='lat' dir='ltr'><strong>sitast</strong></span> <span class='ocrx_word' id='word_1_164' title='bbox 498 2487 600 2530; x_wconf 86' lang='lat' dir='ltr'><strong>cervus</strong></span> <span class='ocrx_word' id='word_1_165' title='bbox 624 2487 784 2548; x_wconf 89' lang='lat' dir='ltr'><strong>saevosque</strong></span> <span class='ocrx_word' id='word_1_166' title='bbox 807 2469 916 2529; x_wconf 89' lang='lat' dir='ltr'><strong>leones.</strong></span> 
     </span>
     <span class='ocr_line' id='line_1_27' title="bbox 147 2553 1007 2636; baseline -0.005 -16"><span class='ocrx_word' id='word_1_167' title='bbox 147 2562 191 2621; x_wconf 91' lang='lat' dir='ltr'><strong>sic</strong></span> <span class='ocrx_word' id='word_1_168' title='bbox 213 2559 365 2619; x_wconf 90' lang='lat' dir='ltr'><strong>hominum</strong></span> <span class='ocrx_word' id='word_1_169' title='bbox 389 2576 482 2636; x_wconf 90' lang='lat' dir='ltr'><strong>genus</strong></span> <span class='ocrx_word' id='word_1_170' title='bbox 506 2565 564 2618; x_wconf 86' lang='lat' dir='ltr'><strong>est:</strong></span> <span class='ocrx_word' id='word_1_171' title='bbox 588 2553 720 2635; x_wconf 89' lang='lat' dir='ltr'><strong>quamvis</strong></span> <span class='ocrx_word' id='word_1_172' title='bbox 743 2556 876 2616; x_wconf 90' lang='lat' dir='ltr'><strong>doctrina</strong></span> <span class='ocrx_word' id='word_1_173' title='bbox 899 2554 1007 2634; x_wconf 88' lang='lat' dir='ltr'><strong>politos</strong></span> 
     </span>
     <span class='ocr_line' id='line_1_28' title="bbox 148 2643 977 2726; baseline -0.006 -18"><span class='ocrx_word' id='word_1_174' title='bbox 148 2650 309 2708; x_wconf 86' lang='lat' dir='ltr'><strong>constituat</strong></span> <span class='ocrx_word' id='word_1_175' title='bbox 330 2649 441 2725; x_wconf 89' lang='lat' dir='ltr'><strong>pariter</strong></span> <span class='ocrx_word' id='word_1_176' title='bbox 464 2645 620 2726; x_wconf 91' lang='lat' dir='ltr'><strong>quosdam,</strong></span> <span class='ocrx_word' id='word_1_177' title='bbox 642 2652 741 2706; x_wconf 90' lang='lat' dir='ltr'><strong>tamen</strong></span> <span class='ocrx_word' id='word_1_178' title='bbox 763 2643 813 2704; x_wconf 92' lang='lat' dir='ltr'><strong>illa</strong></span> <span class='ocrx_word' id='word_1_179' title='bbox 835 2643 977 2721; x_wconf 86' lang='lat' dir='ltr'><strong>relinquit</strong></span> 
     </span>
     <span class='ocr_line' id='line_1_29' title="bbox 146 2733 820 2812; baseline -0.007 -16"><span class='ocrx_word' id='word_1_180' title='bbox 146 2742 268 2796; x_wconf 91' lang='lat' dir='ltr'><strong>naturae</strong></span> <span class='ocrx_word' id='word_1_181' title='bbox 292 2736 435 2812; x_wconf 90' lang='lat' dir='ltr'><strong>cuiusque</strong></span> <span class='ocrx_word' id='word_1_182' title='bbox 459 2735 550 2794; x_wconf 89' lang='lat' dir='ltr'><strong>animi</strong></span> <span class='ocrx_word' id='word_1_183' title='bbox 572 2735 695 2811; x_wconf 90' lang='lat' dir='ltr'><strong>vestigia</strong></span> <span class='ocrx_word' id='word_1_184' title='bbox 717 2733 820 2810; x_wconf 86' lang='lat' dir='ltr'><strong>prima.</strong></span> 
     </span>
    </p>

    <p class='ocr_par' dir='ltr' id='par_1_10' title="bbox 76 2819 909 3253">
     <span class='ocr_line' id='line_1_30' title="bbox 76 2819 909 2900; baseline 0 -21"><span class='ocrx_word' id='word_1_185' title='bbox 76 2831 128 2880; x_wconf 85' lang='lat'><strong>310</strong></span> <span class='ocrx_word' id='word_1_186' title='bbox 147 2842 202 2884; x_wconf 90' lang='lat' dir='ltr'><strong>nec</strong></span> <span class='ocrx_word' id='word_1_187' title='bbox 225 2823 366 2883; x_wconf 88' lang='lat' dir='ltr'><strong>radicitus</strong></span> <span class='ocrx_word' id='word_1_188' title='bbox 390 2821 475 2882; x_wconf 89' lang='lat' dir='ltr'><strong>evelli</strong></span> <span class='ocrx_word' id='word_1_189' title='bbox 497 2820 573 2881; x_wconf 91' lang='lat' dir='ltr'><strong>mala</strong></span> <span class='ocrx_word' id='word_1_190' title='bbox 595 2838 682 2899; x_wconf 89' lang='lat' dir='ltr'><strong>pesse</strong></span> <span class='ocrx_word' id='word_1_191' title='bbox 705 2819 909 2900; x_wconf 89' lang='lat' dir='ltr'><strong>putandumst,</strong></span> 
     </span>
     <span class='ocr_line' id='line_1_31' title="bbox 148 2907 887 2990; baseline -0.005 -20"><span class='ocrx_word' id='word_1_192' title='bbox 148 2913 220 2990; x_wconf 90' lang='lat' dir='ltr'><strong>quin</strong></span> <span class='ocrx_word' id='word_1_193' title='bbox 242 2909 402 2989; x_wconf 87' lang='lat' dir='ltr'><strong>proclivius</strong></span> <span class='ocrx_word' id='word_1_194' title='bbox 424 2909 473 2970; x_wconf 95' lang='lat' dir='ltr'><strong>hic</strong></span> <span class='ocrx_word' id='word_1_195' title='bbox 495 2911 555 2969; x_wconf 90' lang='lat' dir='ltr'><strong>iras</strong></span> <span class='ocrx_word' id='word_1_196' title='bbox 578 2907 716 2969; x_wconf 90' lang='lat' dir='ltr'><strong>decurrat</strong></span> <span class='ocrx_word' id='word_1_197' title='bbox 738 2907 774 2968; x_wconf 92' lang='lat' dir='ltr'><strong>ad</strong></span> <span class='ocrx_word' id='word_1_198' title='bbox 797 2909 887 2988; x_wconf 87' lang='lat' dir='ltr'><strong>acris,</strong></span> 
     </span>
     <span class='ocr_line' id='line_1_32' title="bbox 147 2994 840 3076; baseline -0.006 -17"><span class='ocrx_word' id='word_1_199' title='bbox 147 2998 197 3059; x_wconf 89' lang='lat' dir='ltr'><strong>ille</strong></span> <span class='ocrx_word' id='word_1_200' title='bbox 220 3006 301 3059; x_wconf 89' lang='lat' dir='ltr'><strong>metu</strong></span> <span class='ocrx_word' id='word_1_201' title='bbox 324 2999 411 3058; x_wconf 89' lang='lat' dir='ltr'><strong>citius</strong></span> <span class='ocrx_word' id='word_1_202' title='bbox 434 2996 521 3075; x_wconf 90' lang='lat' dir='ltr'><strong>paulo</strong></span> <span class='ocrx_word' id='word_1_203' title='bbox 543 3003 717 3076; x_wconf 89' lang='lat' dir='ltr'><strong>temptetur,</strong></span> <span class='ocrx_word' id='word_1_204' title='bbox 740 2994 840 3055; x_wconf 89' lang='lat' dir='ltr'><strong>atille</strong></span> 
     </span>
     <span class='ocr_line' id='line_1_33' title="bbox 146 3083 888 3164; baseline -0.008 -17"><span class='ocrx_word' id='word_1_205' title='bbox 146 3089 253 3148; x_wconf 90' lang='lat' dir='ltr'><strong>tertius</strong></span> <span class='ocrx_word' id='word_1_206' title='bbox 276 3087 400 3164; x_wconf 90' lang='lat' dir='ltr'><strong>accipiat</strong></span> <span class='ocrx_word' id='word_1_207' title='bbox 422 3084 566 3163; x_wconf 87' lang='lat' dir='ltr'><strong>quaedam</strong></span> <span class='ocrx_word' id='word_1_208' title='bbox 588 3083 763 3145; x_wconf 89' lang='lat' dir='ltr'><strong>clementius</strong></span> <span class='ocrx_word' id='word_1_209' title='bbox 785 3099 888 3160; x_wconf 90' lang='lat' dir='ltr'><strong>aequo.</strong></span> 
     </span>
     <span class='ocr_line' id='line_1_34' title="bbox 146 3171 880 3253; baseline -0.005 -19"><span class='ocrx_word' id='word_1_210' title='bbox 146 3177 235 3253; x_wconf 91' lang='lat' dir='ltr'><strong>inque</strong></span> <span class='ocrx_word' id='word_1_211' title='bbox 258 3173 324 3233; x_wconf 88' lang='lat' dir='ltr'><strong>aliis</strong></span> <span class='ocrx_word' id='word_1_212' title='bbox 346 3171 436 3233; x_wconf 88' lang='lat' dir='ltr'><strong>rebus</strong></span> <span class='ocrx_word' id='word_1_213' title='bbox 459 3172 561 3233; x_wconf 86' lang='lat' dir='ltr'><strong>multis</strong></span> <span class='ocrx_word' id='word_1_214' title='bbox 584 3171 703 3232; x_wconf 85' lang='lat' dir='ltr'><strong>differre</strong></span> <span class='ocrx_word' id='word_1_215' title='bbox 726 3175 880 3231; x_wconf 88' lang='lat' dir='ltr'><strong>necessest</strong></span> 
     </span>
    </p>

    <p class='ocr_par' dir='ltr' id='par_1_11' title="bbox 76 3259 1016 3606">
     <span class='ocr_line' id='line_1_35' title="bbox 76 3259 911 3337; baseline -0.001 -18"><span class='ocrx_word' id='word_1_216' title='bbox 76 3270 128 3320; x_wconf 79' lang='lat'><strong>315</strong></span> <span class='ocrx_word' id='word_1_217' title='bbox 147 3270 267 3323; x_wconf 90' lang='lat' dir='ltr'><strong>naturas</strong></span> <span class='ocrx_word' id='word_1_218' title='bbox 289 3260 442 3321; x_wconf 86' lang='lat' dir='ltr'><strong>huminum</strong></span> <span class='ocrx_word' id='word_1_219' title='bbox 464 3261 560 3320; x_wconf 86' lang='lat' dir='ltr'><strong>varias</strong></span> <span class='ocrx_word' id='word_1_220' title='bbox 581 3277 739 3337; x_wconf 88' lang='lat' dir='ltr'><strong>moresque</strong></span> <span class='ocrx_word' id='word_1_221' title='bbox 762 3259 911 3336; x_wconf 87' lang='lat' dir='ltr'><strong>sequacis:</strong></span> 
     </span>
     <span class='ocr_line' id='line_1_36' title="bbox 148 3362 1016 3429; baseline -0.007 -19"><span class='ocrx_word' id='word_1_222' title='bbox 148 3368 274 3429; x_wconf 87' lang='lat' dir='ltr'><strong>querum</strong></span> <span class='ocrx_word' id='word_1_223' title='bbox 297 3367 351 3427; x_wconf 90' lang='lat' dir='ltr'><strong>ego</strong></span> <span class='ocrx_word' id='word_1_224' title='bbox 375 3366 454 3409; x_wconf 92' lang='lat' dir='ltr'><strong>nunc</strong></span> <span class='ocrx_word' id='word_1_225' title='bbox 476 3365 592 3426; x_wconf 91' lang='lat' dir='ltr'><strong>nequeo</strong></span> <span class='ocrx_word' id='word_1_226' title='bbox 615 3365 717 3409; x_wconf 91' lang='lat' dir='ltr'><strong>caecas</strong></span> <span class='ocrx_word' id='word_1_227' title='bbox 740 3363 887 3426; x_wconf 83' lang='lat' dir='ltr'><strong>exponere</strong></span> <span class='ocrx_word' id='word_1_228' title='bbox 911 3362 1016 3405; x_wconf 85' lang='lat' dir='ltr'><strong>causas</strong></span> 
     </span>
     <span class='ocr_line' id='line_1_37' title="bbox 147 3437 935 3517; baseline -0.008 -18"><span class='ocrx_word' id='word_1_229' title='bbox 147 3457 202 3499; x_wconf 91' lang='lat' dir='ltr'><strong>nec</strong></span> <span class='ocrx_word' id='word_1_230' title='bbox 224 3439 358 3517; x_wconf 90' lang='lat' dir='ltr'><strong>reperire</strong></span> <span class='ocrx_word' id='word_1_231' title='bbox 380 3438 539 3515; x_wconf 86' lang='lat' dir='ltr'><strong>figurarum</strong></span> <span class='ocrx_word' id='word_1_232' title='bbox 563 3442 608 3496; x_wconf 91' lang='lat' dir='ltr'><strong>tot</strong></span> <span class='ocrx_word' id='word_1_233' title='bbox 629 3437 748 3496; x_wconf 89' lang='lat' dir='ltr'><strong>nomina</strong></span> <span class='ocrx_word' id='word_1_234' title='bbox 772 3441 843 3514; x_wconf 87' lang='lat' dir='ltr'><strong>quot</strong></span> <span class='ocrx_word' id='word_1_235' title='bbox 867 3440 935 3494; x_wconf 90' lang='lat' dir='ltr'><strong>sunt</strong></span> 
     </span>
     <span class='ocr_line' id='line_1_38' title="bbox 146 3523 924 3606; baseline -0.008 -20"><span class='ocrx_word' id='word_1_236' title='bbox 146 3528 314 3606; x_wconf 86' lang='lat' dir='ltr'><strong>principiis,</strong></span> <span class='ocrx_word' id='word_1_237' title='bbox 337 3525 415 3585; x_wconf 92' lang='lat' dir='ltr'><strong>unde</strong></span> <span class='ocrx_word' id='word_1_238' title='bbox 438 3524 510 3584; x_wconf 90' lang='lat' dir='ltr'><strong>haec</strong></span> <span class='ocrx_word' id='word_1_239' title='bbox 534 3525 629 3584; x_wconf 89' lang='lat' dir='ltr'><strong>oritur</strong></span> <span class='ocrx_word' id='word_1_240' title='bbox 650 3523 792 3584; x_wconf 87' lang='lat' dir='ltr'><strong>variantia</strong></span> <span class='ocrx_word' id='word_1_241' title='bbox 814 3539 924 3582; x_wconf 89' lang='lat' dir='ltr'><strong>rerum.</strong></span> 
     </span>
    </p>
   </div>
   <div class='ocr_carea' id='block_1_3' title="bbox 0 0 1228 3998">
    <p class='ocr_par' dir='ltr' id='par_1_12' title="bbox 0 0 1228 3998">
     <span class='ocr_line' id='line_1_39' title="bbox 0 0 1228 3998; baseline 0 0"><span class='ocrx_word' id='word_1_242' title='bbox 0 0 1228 3998; x_wconf 95' lang='lat' dir='ltr'><strong> </strong></span> 
     </span>
    </p>
   </div>
  </div>
 </body>
</html>
