2438 3998
105 215 167 282 186
582 211 622 266 VI

173 363 271 423 omnia
293 379 367 439 quae
390 362 483 421 maria
504 379 539 420 ac
560 367 655 420 terras
678 364 877 437 sparguntque
899 357 1075 437 rigantque3

173 448 246 510 adde
269 467 339 509 suos
360 449 463 510 fontis:
484 454 584 509 tamen
606 447 642 508 ad
665 447 755 508 maris
777 446 875 505 omnia
897 461 1048 505 summam
1107 522 1111 530 ἱ

173 538 266 616 guttai
287 539 336 598 vix
357 539 451 609 instar
472 543 560 597 erunt
582 538 670 596 unius
693 535 867 614 adaugmen3

103 641 155 692 666
173 643 232 704 quo
250 627 349 686 minus
367 632 413 686 666
429 626 539 685 mirum
555 642 636 684 mare
655 640 714 683 non
728 638 887 701 augescere
899 626 1053 699 magnum
1069 641 1108 684 su

101 721 157 772 616
173 720 326 793 praeterea
347 731 482 792 magnam
505 711 549 773 sol
570 719 684 792 partem
706 709 835 771 detrahit
856 716 948 769 aestu.

174 803 282 881 quippe
304 801 438 862 videmus
460 803 539 861 enim
561 802 653 861 vestis
675 816 778 860 umore
800 797 946 859 madentis

173 891 322 951 exsiccare
345 891 407 950 suis
429 888 520 949 radiis
543 887 706 949 ardentibn’
728 885 833 947 solem:

173 985 202 1038 at
223 977 325 1057 pelage
348 977 440 1039 multa
461 984 491 1038 et
513 977 570 1038 late
593 975 740 1037 substrata
761 974 903 1035 ridemus.

101 1082 155 1131 646
173 1066 296 1145 proinde
318 1065 389 1127 licet
410 1067 542 1144 quamvis
565 1082 602 1126 ex
624 1081 683 1125 uno
706 1081 823 1143 quoque
845 1061 909 1123 loco
932 1061 979 1122 sol
1070 1085 1109 1125 aaa

101 1160 157 1212 661
173 1155 284 1215 umoris
305 1171 424 1233 parvam
446 1152 556 1213 delibet
578 1152 614 1213 ab
636 1170 764 1231 aequore
786 1157 912 1230 partem:
973 1189 976 1195 -

172 1241 292 1320 largiter
314 1244 346 1302 in
367 1247 449 1302 tanto
472 1243 566 1320 spatio
589 1248 687 1301 666666
710 1240 823 1301 auferet
844 1238 941 1299 undis

172 1337 236 1391 tum
258 1347 346 1432 porro
368 1331 450 1390 venti
473 1347 589 1408 quoque
611 1346 746 1408 magnam
767 1327 871 1388 tollere
893 1332 1011 1406 partem

174 1420 285 1478 umoris
307 1425 431 1520 possunt
453 1424 605 1478 verrentes
627 1436 766 1499 aequora,
788 1417 883 1475 ventis

102 1520 154 1571 646
172 1523 230 1566 666
252 1512 338 1566 nocte
359 1507 421 1566 vias
444 1507 582 1585 quoniam
603 1523 745 1585 persaepe
767 1504 901 1565 videmus
1068 1524 1108 1567 ssa

102 1595 278 1654 626sncear1
299 1593 453 1672 mollisque
475 1592 531 1655 luti
553 1612 744 1656 concrescere
767 1599 890 1654 crustas.

172 1689 325 1761 praeterea
347 1682 435 1743 docui
456 1682 582 1744 multum
604 1701 720 1762 quoque
742 1681 846 1743 tollere
868 1678 964 1740 nubes

172 1788 307 1831 umorem
329 1788 433 1850 magno
456 1776 631 1850 conceptum
653 1789 689 1831 ex
710 1787 839 1849 aequore
861 1769 958 1850 ponti,

173 1865 204 1919 et
224 1860 334 1937 passim
356 1866 418 1919 toto
440 1865 586 1920 terrarum
610 1877 748 1938 spargere
770 1861 802 1918 in
825 1856 902 1937 orbi,

102 1961 155 2010 666
174 1964 240 2006 cum
262 1946 343 2025 pluit·
359 1949 391 2007 in
413 1949 503 2007 terris
525 1954 556 2008 et
577 1949 658 2009 venti
680 1946 780 2007 nubila
801 1950 926 2027 portant.
1067 1968 1106 2008 aso

102 2041 155 2091 631
172 2042 320 2113 postremo
344 2037 482 2113 quoniam
503 2053 571 2096 raro
594 2054 662 2096 cum
684 2053 807 2115 corpore
830 2032 916 2095 tellus

173 2129 231 2203 est,
254 2129 284 2182 66
306 2125 490 2184 coniunctast
513 2126 574 2184 oris
595 2125 699 2204 maris,
722 2123 852 2202 undique
876 2124 1013 2203 cingens,

173 2209 273 2290 debet,
295 2213 382 2271 utin
403 2229 484 2272 mare
508 2211 544 2272 de
566 2214 655 2273 terris
677 2214 758 2272 venit
779 2228 866 2272 umor
881 2212 987 2291 aquai,

172 2300 204 2359 in
226 2305 321 2358 terras
340 2298 447 2363 ‚itidem
467 2318 587 2360 manare
611 2319 646 2360 en
670 2318 796 2378 aequore
820 2297 910 2359 salso:

101 2400 154 2450 666
171 2384 339 2464 percolatur
360 2389 440 2447 enim
462 2389 557 2468 virus,
579 2395 718 2466 retroque
740 2394 872 2449 remanat
1065 2412 1105 2454 aaa

102 2479 158 2531 636
173 2475 311 2534 materies
334 2478 446 2536 umoris
469 2482 499 2535 et
521 2476 557 2535 ad
580 2483 667 2554 caput-
688 2476 823 2537 amnihus
848 2478 944 2538 omnis

173 2561 307 2644 confluit,
330 2563 399 2624 inde
422 2581 511 2642 super
533 2571 628 2624 terras
650 2563 728 2624 redit
750 2566 865 2643 agmine
888 2563 968 2626 dulci

173 2668 230 2728 qua
252 2652 299 2711 via
322 2659 402 2713 secta
424 2649 516 2711 semel
538 2650 649 2729 liquido
672 2651 747 2730 pede
770 2651 874 2714 detulit
895 2653 997 2714 undas.
1064 2679 1104 2718 css

102 2743 157 2796 636
216 2736 301 2799 Ν666
323 2756 390 2820 age,
413 2756 487 2818 qnae
509 2740 585 2799 ratio
608 2742 699 2801 terrai
720 2739 850 2801 motibus
872 2747 953 2802 extet
1064 2766 1105 2808 aaa

101 2841 154 2891 666
171 2828 301 2907 percipe.
337 2833 368 2887 et
389 2828 421 2887 in
442 2828 547 2907 primis
568 2834 679 2888 terram
701 2828 746 2888 lac
769 2836 803 2889 ut
824 2847 890 2890 esse
913 2832 1008 2891 rearis

173 2921 276 2994 supter
297 2915 369 2976 item
391 2921 425 2975 ut
447 2933 554 2993 supera
575 2917 704 2976 ventosis
727 2916 857 2995 undique
879 2915 996 2996 plenam

172 3001 334 3083 speluncis,
355 3001 522 3082 multosque
544 3001 626 3064 lacus
648 3002 813 3083 multasque
835 3005 954 3068 lacunas

171 3093 203 3150 in
226 3092 339 3168 gremio
362 3108 465 3169 gerere
488 3097 519 3151 et
540 3109 629 3171 rupes
653 3092 833 3172 deruptaque
857 3111 938 3155 saxa:

100 3185 156 3236 640
171 3177 321 3256 multaque
344 3177 399 3238 suh
421 3184 504 3257 tergo
527 3182 618 3240 terrai
639 3180 759 3241 flumina
781 3188 858 3242 tecta
1065 3207 1107 3248 uo

101 3282 152 3332 565
171 3264 287 3327 volvere
309 3267 339 3326 vi
361 3265 469 3326 fluctus
492 3285 712 3348 summersaque
735 3287 803 3331 saxa
826 3270 1030 3348 putandumst:

172 3353 301 3432 undique
325 3356 404 3414 enim
427 3355 553 3416 similem
577 3374 641 3416 esse
665 3358 712 3417 sui
734 3375 783 3417 res
805 3357 934 3436 postulat
956 3361 1031 3438 ipsa.

170 3441 217 3502 his
240 3443 331 3521 igitur
353 3441 442 3503 rebus
466 3443 630 3504 subiunctis
653 3446 873 3524 suppositisque

169 3537 250 3591 terra
272 3548 400 3610 superne
423 3534 523 3592 tremit
545 3533 659 3611 magnis
681 3550 822 3594 concussa
846 3536 954 3615 ruinis,
