2438 3998
163 225 227 290 208
570 224 761 278 33333333.

163 384 290 438 acumine
313 386 342 437 et
364 382 491 437 doctrina
513 382 565 435 viri
588 383 694 454 egregii
717 382 847 437 effectum
869 385 954 449 esset,
982 384 1016 436 ut
1038 399 1094 455 ego
1117 400 1173 436 non

162 455 260 524 paucis
277 454 346 508 locis
365 456 415 506 aut
433 469 467 506 ea
485 469 557 521 quae
575 452 728 507 Giussanus
747 457 893 508 censuerat
909 452 1058 522 probanda
1078 455 1172 508 existi·

162 541 268 578 marem
283 526 332 578 aut
346 526 419 577 certe
433 524 469 578 de
483 525 523 578 eis
537 541 610 592 3333
623 525 684 593 ipse
696 527 856 592 statueram,
872 524 1002 579 dubitare
1016 525 1173 594 coepissem

163 611 281 663 cumque
306 594 392 648 etiam
416 610 450 649 ea
474 611 546 663 quae
570 596 620 648 ille
644 595 736 650 minus
760 598 835 650 recte
861 595 1005 664 scripsisse
1029 595 1172 649 videretur

162 667 296 735 pleraque
313 665 455 719 mentione
474 667 547 720 certe
562 666 648 736 digna
667 682 726 719 3333
739 669 881 735 putarem,
900 666 990 720 313331
1008 668 1052 720 333
1070 667 1101 719 13
1119 667 1172 719 hac

164 737 319 806 appendice
340 737 474 791 maiorem
497 737 649 790 lectionum
674 735 922 790 Giussanianarum
939 738 1050 805 partem
1069 736 1171 791 referre

163 824 238 876 meo,
258 824 320 862 cum
339 824 408 877 opus
425 807 577 874 videretur,
597 809 632 861 de
650 808 690 860 eis
708 808 813 862 iudicio
831 808 929 877 paucis
948 807 1068 862 adiecto.

252 877 306 933 Sed
321 878 378 932 alia
391 893 501 946 333333
515 878 645 931 addenda
655 880 741 931 erant.
765 894 848 950 aegre
859 877 968 932 ferebat
977 877 1170 945 Susamililius,

164 950 239 1017 quod
256 965 313 1003 non
334 965 426 1018 pauca
445 964 551 1015 eorum,
575 964 592 1000 a
615 948 716 1016 quibus
739 950 837 1018 primis
860 964 987 1016 quaeque
1011 949 1170 1002 emendatio

163 1019 289 1088 profecta
313 1022 399 1087 esset,
422 1019 535 1072 nomina
558 1019 723 1072 omisissem:
750 1020 825 1087 quod
847 1020 895 1073 ille
918 1019 1032 1087 quidem
1055 1020 1171 1075 nonita

163 1091 284 1157 monuit,
303 1090 384 1158 33331
401 1089 537 1159 promisso
550 1106 606 1143 non
620 1090 770 1144 stetissem:
789 1107 856 1143 nam
873 1090 917 1144 vel
934 1089 998 1159 plus
1015 1089 1074 1144 feci
1089 1107 1171 1159 quam

163 1162 422 1231 prolegomenornm
439 1177 466 1229 p.
481 1159 595 1214 XXXIV
612 1160 801 1230 promiseram.
840 1161 890 1215 sed
906 1162 1002 1214 tamen
1019 1161 1113 1215 visum
1131 1164 1171 1215 est

165 1231 302 1285 desiderio
321 1231 373 1284 viri
386 1230 580 1284 humanissimi
594 1231 687 1298 quoad
703 1247 814 1300 possem
832 1230 1001 1285 satisfacere.
1035 1248 1102 1303 ergo
1117 1249 1171 1286 333

163 1302 262 1371 paucis
278 1302 348 1356 locis
366 1302 576 1355 emendatorum
592 1301 780 1369 antiquiorum
793 1302 907 1356 nomina
920 1301 994 1355 infra
1008 1300 1128 1357 afferam
1145 1305 1171 1356 et

163 1375 310 1442 praeterea
327 1388 383 1425 non
396 1388 459 1426 raro
478 1372 605 1443 egregias
623 1371 796 1426 Lachmanni
814 1374 995 1440 coniecturas,
1014 1390 1087 1441 quas
1106 1375 1172 1428 olim

165 1444 234 1497 satis
251 1443 339 1496 habui
355 1443 442 1496 tacito
457 1458 591 1496 33333333
604 1442 731 1512 probare,
750 1461 824 1497 nunc
837 1444 874 1496 ad
888 1446 1029 1497 auctorem
1043 1445 1170 1499 referam.

251 1513 413 1581 Nonnullis,
433 1513 481 1581 qui
500 1513 535 1567 de
552 1513 606 1567 hac
620 1514 742 1568 editione
757 1515 938 1584 scripserunt,
957 1515 1064 1569 accidit
1081 1519 1115 1569 nt
1132 1517 1172 1568 in-

165 1585 295 1638 stitutum
312 1599 405 1637 meum
422 1600 479 1637 non
497 1584 566 1638 33313
583 1585 780 1653 perspicerent.
817 1586 893 1639 velut
914 1584 970 1638 fuit
987 1585 1038 1654 331
1058 1586 1171 1653 doleret,

164 1657 241 1723 quod
258 1655 304 1708 1.1
325 1655 451 1709 versibus
470 1660 538 1708 e-a
562 1656 677 1709 seclusis
699 1656 792 1710 locum
813 1656 1031 1726 pulcherrimum
1050 1658 1172 1725 quodam

164 1727 247 1781 modo
265 1727 446 1780 mutilassem.
483 1725 532 1794 331
553 1726 720 1780 lineolarum
738 1743 755 1780 3
772 1743 817 1780 me
835 1727 990 1796 positarum
1006 1727 1172 1781 31333133

164 1797 270 1850 tionem
288 1812 344 1850 333
363 1797 444 1866 cepit.
481 1796 587 1865 cepisse
606 1812 635 1851 se
654 1796 807 1851 Giussanus
825 1798 961 1864 declarat,
986 1812 1051 1852 cum
1068 1799 1112 1852 ita
1129 1815 1172 1852 me

165 1869 317 1937 vituperat,
335 1869 369 1920 ut
384 1868 470 1938 neget
487 1867 602 1922 editoris
620 1883 680 1921 esse
699 1884 744 1936 33,
763 1884 836 1937 3333
849 1870 948 1937 postea
962 1867 998 1921 ab
1011 1868 1075 1937 ipso
1088 1872 1173 1938 poeta

165 1939 271 1992 inserta
285 1938 380 2006 aliquo
397 1940 493 1991 tamen
510 1938 593 1991 modo
612 1954 675 1992 cum
693 1939 733 1993 cis
748 1938 849 2007 quibus
866 1938 1013 1992 interiecta
1033 1939 1091 1993 3133
1110 1957 1173 1994 con-

165 2011 261 2063 iuncta
279 2009 438 2076 videantur,
457 2009 611 2076 secludere,
632 2009 676 2062 ‘la
694 2009 885 2077 stratigrafla
902 2009 948 2062 del
970 2010 1060 2063 testo’
1080 2011 1173 2079 inquit

168 2082 194 2133 ‘e
209 2082 323 2150 oggetto
338 2080 395 2134 dell
409 2080 585 2147 commento',
600 2095 732 2147 3333333
744 2097 810 2134 usus
824 2096 883 2133 rem
897 2080 1008 2151 egregie
1018 2081 1172 2152 significat;

166 2167 233 2203 nam
252 2152 387 2218 quantum
406 2151 465 2203 eius
479 2149 539 2204 fieri
556 2150 650 2219 potuit
667 2151 698 2204 id
716 2151 770 2221 egi,
788 2153 822 2204 ut
839 2154 995 2220 appareret,
1014 2152 1066 2219 qui
1079 2167 1173 2206 versus

165 2221 800 2361 feriissisoeffafflifaifs‘edteiaffinipffl
816 2221 1174 2364 ’ἧῖηἶῗῗέἓὲἷᾞᾞ

167 2363 299 2416 collorum
320 2379 387 2414 3333
410 2361 487 2430 apud
508 2361 670 2431 Briegerum
690 2363 779 2416 multo
801 2362 973 2432 frequentius
992 2379 1079 2431 quam
1098 2365 1175 2434 apud

166 2433 272 2502 priores
285 2432 406 2485 editores
421 2447 565 2485 occurrens
579 2433 711 2500 declarat,
726 2434 825 2501 quanti
837 2448 999 2516 progressus
1013 2433 1051 2487 ab
1061 2450 1095 2488 eo
1105 2435 1175 2490 13311

167 2505 224 2557 3131
237 2503 267 2556 13
281 2502 481 2556 sententiarum
495 2518 600 2556 conexu
613 2504 657 2557 vel
670 2504 769 2558 intimo
782 2505 996 2573 perspiciendo!
1019 2520 1077 2572 qua
1089 2504 1174 2559 laude

165 2574 276 2627 laudati
293 2572 345 2626 3131
363 2573 473 2643 gaudeo
491 2573 540 2640 ita,
558 2575 592 2626 33
608 2575 703 2628 tamen
715 2576 856 2629 nonnullis
870 2575 940 2629 13313
953 2574 1038 2629 facile
1053 2577 1174 2630 33111113

188 2644 310 2698 333113113
329 2659 399 2712 opus
417 2659 474 2697 333
487 2643 574 2698 fuisse
591 2644 661 2698 mihi
678 2646 840 2715 persuaderi
857 2646 951 2715 patiar
969 2648 1111 2701 33133313
1126 2648 1173 2700 du-

166 2662 254 2770 bitem
264 2730 369 2784 opusne
378 2713 470 2768 fuerit.
489 2730 661 2783 quamquam
670 2717 756 2769 311333
770 2719 835 2770 3331
845 2732 918 2784 3333
932 2716 1106 2770 secludenda
1116 2733 1174 2772 esse

167 2802 241 2841 nunc
255 2787 366 2840 demum
380 2785 534 2841 didicerim.
557 2802 613 2839 non
626 2787 715 2841 multo
730 2786 812 2841 aliter
824 2802 868 2841 333
882 2802 912 2841 33
921 2786 1046 2840 habetin
1055 2788 1173 2843 lacunis.

167 2873 224 2926 qua
241 2856 272 2910 in
289 2859 408 2926 utraque
425 2872 455 2911 re
474 2855 563 2911 sicubi
582 2857 664 2911 aliter
682 2859 766 2926 atque
785 2859 850 2912 ante
868 2857 919 2912 hos
934 2859 1067 2926 quattuor
1087 2874 1175 2913 annos

167 2942 242 2982 nunc
264 2927 366 2994 sentio,
388 2944 453 2982 mox
476 2927 647 2999 significabo.
684 2928 742 2982 iam
759 2929 834 2981 enim
851 2928 977 2982 transibo
996 2929 1034 2982 ad
1053 2929 1174 3002 singula.

254 2996 397 3052 Nonnulla
424 3015 519 3053 eorum
546 3014 618 3066 quae
644 2998 691 3053 hic
714 2999 868 3053 emendabo
892 2999 974 3053 multi
1000 3015 1034 3053 ex
1059 2998 1101 3054 eis
1128 3001 1176 3070 331

167 3071 237 3123 haec
250 3069 350 3123 lecturi
364 3071 436 3136 sunt,
450 3070 508 3123 iam
521 3069 551 3122 13
564 3071 643 3122 textu
653 3085 735 3137 quem
750 3071 847 3123 dicunt
860 3071 1008 3124 emendata
1022 3070 1176 3140 invenient,

167 3141 194 3194 31
217 3140 358 3207 videlicet,
387 3140 435 3208 qui
459 3139 661 3207 exemplaribus
684 3143 749 3210 post
771 3141 922 3195 editionem
949 3143 1089 3209 quantum
1118 3143 1176 3198 sins

167 3211 227 3265 11331
244 3211 338 3279 potuit
355 3225 373 3263 a
389 3226 435 3264 me
457 3211 611 3264 emendatis
629 3213 750 3265 utentur.
783 3228 873 3280 neque
891 3215 986 3266 tamen
1003 3227 1178 3268 non-eorum

169 3297 278 3349 quoque
306 3281 378 3334 ratio
405 3280 535 3334 habenda
564 3284 636 3348 erat,
664 3282 694 3334 in
721 3298 838 3350 quorum
860 3282 990 3337 manibus
1013 3283 1179 3354 antiquiora

168 3351 339 3420 exemplaria
358 3352 429 3403 sunt.

256 3440 283 3491 p.
298 3421 336 3474 XI
358 3421 376 3473 l.
398 3425 430 3472 13
454 3436 472 3474 3
492 3437 579 3492 marg.
603 3422 682 3479 infer.
701 3423 728 3476 le
749 3439 765 3476 e
783 3422 809 3476 V
826 3429 982 3479 sas-528.
1007 3455 1042 3465 -
1065 3424 1085 3479 1.
1109 3432 1180 3481 113

167 3491 782 3619 ttferffiftalttmlltstillas
796 3497 925 3634 aab
941 3495 1181 3637 0011061111
