2438 3998
152 241 216 306 lto
633 238 674 294 VI

221 389 343 466 ancipiti
365 376 465 448 videas
487 386 567 448 ferro
589 386 693 467 procul
717 386 831 447 arboris
854 392 985 467 auctum,
1031 393 1036 397 '

222 484 289 536 ante
312 475 346 534 fit
366 481 401 535 ut
422 492 526 535 cernas
548 477 752 555 ictumquam
774 473 858 555 plaga
881 492 935 554 pcr
957 475 1038 534 auris

150 572 205 622 170
222 563 272 625 det
295 564 437 623 sonitumz
460 565 503 624 sic
526 563 671 642 fulgorem
693 581 810 643 quoquc
834 565 983 623 cernimus
1006 569 1075 622 ante
1122 584 1162 624 no

222 669 310 730 quam
332 653 476 712 tonitrum
490 654 672 733 accipimus,
693 654 807 732 pariter
828 654 880 729 qui
902 653 1030 711 mittitur
1053 652 1120 728 igni

153 757 203 806 tto
223 757 239 799 e
263 738 354 800 simili
376 757 476 820 causa,
498 757 645 801 concursu
668 747 754 800 natus
777 740 889 799 codem.

265 827 327 888 Hoc
350 829 439 889 etiam
460 836 546 908 pacto
569 827 681 888 volucri
703 827 766 888 loca
789 826 900 887 lumine
922 825 1041 904 tingunt

221 915 317 976 nubes
339 921 369 976 et
390 915 517 976 tremulo
539 923 699 994 tempestas
720 918 831 994 impete
853 915 948 994 fulgit.

152 1011 207 1062 175
221 1012 327 1065 ventus
349 1003 400 1065 ubi
422 1005 529 1064 invasit
549 1004 658 1064 nubem
682 1010 712 1064 et
733 1010 866 1064 versatus
889 1003 1000 1063 ibidem
1122 1024 1162 1066 ns

222 1093 294 1154 fecit
314 1099 349 1152 ut
370 1098 437 1153 ante
460 1109 560 1152 cavam
582 1091 670 1152 docui
693 1094 872 1170 spissescere
895 1091 1017 1172 nubem,

155 1197 204 1248 115
222 1180 383 1241 mobilitate
406 1198 458 1240 sua
481 1180 631 1261 fervescit3
653 1187 687 1240 ut
709 1183 806 1240 omnia
829 1188 910 1240 motu

221 1268 414 1349 percalefacta
438 1267 519 1329 vides
542 1267 711 1348 ardescere,
733 1268 869 1347 plumbea
892 1285 962 1328 vero

222 1357 305 1436 glans
328 1358 416 1416 etiam
439 1355 525 1435 longo
549 1374 639 1417 cursu
661 1355 801 1417 volvenda
823 1356 968 1435 liquescit.

152 1453 208 1504 180
223 1462 294 1523 crgo
317 1444 446 1504 fervidus
469 1444 517 1504 hic
540 1443 648 1505 nubem
672 1463 740 1505 cum
761 1445 904 1524 perscidit
926 1450 1032 1526 atram,
1121 1468 1161 1508 roo

223 1534 346 1611 dissipat
368 1531 483 1592 ardoris
506 1535 590 1611 quasi
611 1551 665 1613 per
687 1536 746 1593 vim
770 1550 908 1612 expressa
931 1539 1055 1612 repente

153 1637 204 1688 180
223 1623 347 1701 semina,
370 1638 445 1699 quae
467 1621 579 1681 faciunt
600 1623 740 1682 nictantia
763 1621 877 1699 fulgura
900 1620 1048 1681 flammae:

222 1709 291 1770 inde
314 1726 404 1769 sonus
428 1711 574 1790 sequitur,
597 1712 649 1789 qui
671 1710 783 1770 tardius
807 1710 906 1769 adficit
928 1711 1008 1769 auris

222 1815 310 1876 quarn
332 1815 407 1876 quae
429 1799 605 1876 perveniunt
626 1797 779 1858 oculorum
802 1798 837 1857 ad
860 1796 970 1857 lumina
994 1804 1106 1859 nostra.

53 1952 56 1961 ι
153 1894 207 1945 185
224 1885 349 1966 scilicet,
371 1885 427 1946 hoc
451 1885 551 1946 densis
573 1885 606 1944 tit
628 1884 756 1946 nubibus
780 1893 810 1945 et
832 1885 920 1945 simul
942 1884 998 1944 alte
1120 1911 1160 1950 ros

223 1975 365 2034 extructis
388 1971 453 2033 aliis
476 1973 547 2033 alias
571 1992 661 2052 super
682 1976 791 2053 impete
814 1976 897 2033 miro.

154 2079 204 2128 180
223 2081 261 2122 ne
283 2061 338 2121 tibi
361 2063 400 2121 sit
421 2061 519 2122 fraudi
541 2061 619 2139 quod
641 2080 696 2122 nos
718 2063 833 2122 inferne
855 2061 989 2122 videmus

223 2167 311 2230 quarn
330 2151 389 2209 sint
402 2148 459 2209 lata
472 2152 565 2228 magis
579 2168 667 2228 quam
681 2168 800 2211 sursum
814 2157 945 2210 extructa
959 2148 1031 2229 quid
1045 2157 1158 2213 extent.

224 2237 549 2318 contemplatorem,
573 2256 640 2298 cum
663 2238 811 2299 montibus
835 2237 1008 2298 adsimulata

153 2334 208 2384 100
225 2325 324 2387 nubila
346 2324 506 2404 portabunt
527 2329 608 2386 venti
630 2333 795 2386 transversa
817 2345 872 2405 per
896 2344 996 2405 auras,
1121 2352 1161 2391 ιω

223 2421 275 2474 aut
295 2413 348 2473 nbi
369 2431 567 2493 permagnos
589 2417 698 2474 m‘ontis
721 2414 865 2475 cumulata
888 2412 1000 2474 videbis

156 2521 205 2570 ato
223 2505 346 2581 insuper
369 2519 435 2562 esse
458 2501 523 2562 aliis
547 2501 602 2563 alia
625 2510 712 2581 atque
739 2520 866 2581 urguere
890 2520 1017 2581 superne

223 2593 256 2651 in
278 2592 404 2651 statione
426 2589 520 2650 locata
543 2589 667 2670 sepultis
687 2589 819 2669 undique
842 2593 950 2671 ventis;

223 2686 287 2740 tum
308 2680 420 2759 poteris
443 2696 562 2757 magnas
584 2676 677 2738 moles
700 2696 876 2757 cognoscere
899 2695 1002 2739 eorum

153 2774 208 2826 195
225 2767 437 2847 speluncasque
458 2766 539 2827 volut
561 2768 639 2826 saxis
661 2766 851 2846 pendentibu'
874 2772 1001 2827 structas
1122 2793 1161 2832 ros

194 2889 196 2893 <
225 2873 361 2936 cernere,
384 2872 456 2933 quas
478 2856 558 2915 venti
581 2872 648 2914 cum
670 2861 844 2934 tempestate
867 2862 967 2915 coorta

156 2960 206 3009 195
225 2943 411 3023 conplerunt,
434 2960 539 3020 magno
562 2942 752 3021 indignantur
773 2961 924 3004 murmure
948 2942 1040 3004 clausi

224 3031 366 3112 nubibus,
389 3033 420 3090 in
443 3032 597 3108 caveisque
621 3031 751 3092 ferarum
771 3049 854 3092 more
876 3033 1040 3111 minantur,

224 3138 304 3180 nunc
326 3120 394 3179 hinc
417 3136 496 3179 nuno
517 3118 599 3179 illinc
621 3119 757 3180 fremitus
779 3138 834 3199 per
856 3119 956 3180 nubila
979 3121 1115 3202 mittunt,

154 3215 212 3268 200
223 3215 456 3286 quaerentesque
480 3208 556 3266 viam
579 3209 859 3290 circumversantur,
882 3215 913 3269 ct
934 3210 1011 3287 ignis
1122 3234 1162 3274 aoo

226 3299 339 3356 semina
361 3294 536 3356 convolvunt
557 3313 573 3358 e
595 3295 724 3358 nubibus
747 3304 833 3374 atque
855 3298 896 3357 ita
919 3302 1028 3375 cogunt

155 3401 207 3451 100
225 3384 329 3465 multa,
352 3390 507 3462 rotantque
530 3386 609 3445 cavis
631 3385 777 3445 flammam
799 3384 968 3447 fornacibus
990 3387 1085 3468 intus,

226 3473 319 3534 donec
342 3470 452 3533 divolsa
475 3471 621 3534 fulserunt
643 3472 721 3534 nube
745 3475 868 3533 corusci.

269 3561 330 3679 ldae
353 3562 441 3623 etiam
463 3560 496 3621 iit
518 3563 562 3622 uti
586 3561 622 3622 do
645 3578 732 3622 causa
753 3561 871 3622 mobilis
892 3560 942 3622 ille
