2438 3998
598 226 612 281 Ι
1086 225 1108 290 3

124 380 160 430 65
175 371 312 433 horribili
336 391 425 452 super
448 379 568 451 aspectu
591 372 763 434 mortalibus
786 374 913 455 instans,
1081 386 1108 428 00

123 468 158 518 00
176 463 305 540 primum
328 459 432 521 Graius
455 460 543 520 bomo
566 459 699 521 mortalis
721 460 825 522 tollere
848 469 949 523 contra

177 556 223 609 est
245 546 346 609 oculos
369 566 458 609 ausus
479 550 653 628 primusque
676 547 821 611 obsistere
844 557 958 632 contra3

147 647 149 650 ’
177 655 265 716 quern
287 655 384 716 neque
407 636 483 698 lama
506 636 594 697 deum
616 654 672 697 nec
694 636 816 698 fulmina
838 657 893 699 nec
916 639 1064 707 minitanti

177 743 328 786 murmure
352 726 527 804 compressit
549 723 674 806 caelum,
698 725 750 786 sed
773 744 808 787 ec
831 729 923 806 magis
947 744 1046 787 acrem

124 822 161 873 70
177 815 279 874 inritat
302 815 392 874 animi
414 815 567 894 virtutem,
590 813 747 892 effringere
770 819 804 873 ut
826 821 889 875 arta
1081 827 1107 867 ⁷⁰

124 910 159 959 65
177 909 298 962 naturae
321 903 435 980 primus
456 908 609 980 portarurn
632 900 759 962 claustra
782 903 905 980 cupiret.

178 1007 248 1068 ergo
271 989 367 1050 vivida
389 991 434 1049 ris
457 990 548 1049 animi
569 991 706 1070 pervicit,
729 996 760 1049 et
781 995 864 1050 extra

176 1079 324 1157 processit
345 1076 432 1156 longe
454 1076 632 1137 flammantia
654 1079 770 1138 moenia
792 1077 896 1138 mundi

178 1173 265 1244 atque
288 1183 374 1227 omne
397 1167 575 1226 immensum
597 1167 765 1244 peragravit
786 1173 885 1226 mente
908 1167 1078 1247 animoque3

125 1261 160 1313 75
175 1254 254 1315 unde
276 1243 369 1314 relert
389 1240 476 1314 nobis
498 1244 592 1314 victor
615 1252 685 1331 quid
708 1255 803 1332 possit
824 1255 910 1335 oriri,
1082 1265 1108 1308 rc

124 1349 159 1400 70
178 1341 248 1422 quid
271 1347 410 1422 nequeat,
433 1341 515 1401 linita
537 1347 667 1420 potestas
690 1340 818 1421 denique
841 1345 948 1421 cuique

178 1448 235 1509 qua
256 1447 325 1490 narn
347 1431 387 1490 sit
408 1431 521 1490 ratione
544 1435 631 1507 atque
655 1429 711 1490 alte
733 1431 879 1491 terminus
900 1431 1034 1491 haerens.

179 1536 269 1597 quare
292 1515 396 1596 religio
418 1516 544 1596 pedibus
567 1517 699 1578 subiecta
721 1519 852 1579 vicissim

178 1607 335 1686 optentur,
358 1623 412 1665 nos
435 1612 578 1684 exaequat
599 1607 722 1666 victoria
745 1605 834 1667 caelo.

122 1702 162 1754 80
220 1692 295 1754 lllud
318 1695 350 1753 in
371 1693 419 1753 bis
441 1692 531 1753 rebus
553 1711 670 1773 vereor,
692 1711 730 1754 ne
753 1694 827 1754 forte
850 1696 944 1754 rearis
1081 1706 1108 1746 8⁰

125 1789 159 1840 tu
177 1784 267 1860 impia
290 1788 319 1842 te
341 1783 464 1841 rationis
488 1782 564 1841 inire
587 1779 732 1842 elementa
753 1783 889 1859 viamque

178 1869 335 1949 indugredi
358 1867 488 1930 sceleris.
534 1869 612 1947 quod
635 1875 736 1929 contra
759 1872 875 1948 saepius
898 1868 948 1929 illa

177 1957 281 2036 religio
303 1959 420 2036 peperit
442 1956 588 2018 scelerosa
611 1963 698 2036 atque
720 1958 810 2036 impia
833 1956 916 2018 lacta.

177 2045 281 2107 Aulide
305 2062 363 2123 quo
387 2052 471 2123 pacto
493 2045 603 2105 Triviai
624 2047 748 2124 virginis
771 2064 850 2106 aram

123 2140 161 2191 85
176 2133 356 2213 Iphianassai
377 2139 534 2212 turparunt
556 2135 698 2213 sanguine
720 2134 805 2194 foede

125 2221 315 2282 seductores
338 2220 469 2281 Danaum
491 2221 611 2302 delecti,
631 2224 730 2308 prima
769 2224 888 2282 ‘orum

178 2312 227 2371 cui
251 2308 339 2370 simul
361 2308 453 2369 inlula
475 2310 622 2389 virgineos
645 2311 845 2371 circumdata
868 2317 1002 2389 comptus

125 2404 126 2408 ’
150 2407 151 2410 ’
179 2416 215 2458 ox
237 2404 362 2475 utraque
385 2399 450 2476 pari
473 2397 614 2458 malarum
636 2404 720 2477 parte
743 2398 903 2478 profusast,

178 2493 209 2546 et
230 2491 374 2546 maestum
397 2484 484 2546 simul
507 2493 574 2546 ante
597 2503 662 2546 aras
685 2485 800 2547 adstare
822 2492 974 2566 parentem

124 2582 163 2632 90
180 2576 286 2654 sensit,
309 2580 339 2633 ot
359 2573 437 2634 hunc
460 2581 582 2653 propter
603 2574 715 2634 ferrum
738 2573 833 2634 celare
856 2575 1023 2655 ministros,
1078 2587 1105 2626 00

124 2668 160 2718 80
178 2668 357 2741 aspectuque
379 2679 433 2722 suo
455 2660 592 2722 lacrimas
614 2661 765 2723 effundere
788 2664 873 2744 civis,

178 2758 258 2810 muta
280 2756 360 2810 metu
382 2756 492 2810 terram
515 2749 639 2829 genibus
662 2752 818 2811 summissa
840 2749 966 2830 petebat.

177 2855 233 2898 nec
255 2838 381 2898 miserae
403 2837 545 2916 prodesse
567 2840 599 2899 in
622 2838 673 2899 tali
694 2846 828 2917 tempore
851 2838 953 2918 quibat

178 2924 256 3005 quod
277 2927 374 3004 patrio
396 2928 535 3004 princeps
558 2927 681 2987 donarat
702 2927 820 2988 nomine
843 2945 956 3011 regem:

124 3018 161 3070 95
178 3031 246 3073 narn
269 3012 382 3074 sublata
402 3015 498 3075 virum
514 3015 650 3075 manibus
668 3014 914 3093 tremibundaque
933 3014 969 3074 ad
988 3032 1053 3075 aras
1079 3027 1106 3067 ⁹5

124 3107 159 3157 90
177 3101 343 3183 deductas,
366 3119 425 3162 non
447 3108 482 3163 nt
503 3100 638 3163 sollemni
659 3121 742 3164 more
766 3120 917 3164 sacrorum

176 3189 308 3269 perlecto
333 3197 435 3269 posset
456 3188 535 3251 claro
558 3193 693 3252 comitari
713 3190 894 3273 Hymenaeo,

177 3277 230 3339 sed
253 3285 332 3339 casta
354 3280 481 3360 inceste,
506 3278 637 3340 nubendi
658 3286 791 3359 tempore
814 3282 947 3362 inipso,

175 3365 272 3427 hostia
295 3366 465 3428 concideret
486 3374 613 3444 mactatu
635 3376 746 3429 maesta
767 3371 911 3450 parentis,

103 3460 160 3513 100
176 3455 273 3516 exitus
295 3462 328 3516 ut
350 3454 438 3516 classi
460 3453 530 3517 felix
553 3456 724 3537 faustusque
748 3457 876 3519 daretur.
1067 3471 1106 3511 1⁰⁰

123 3548 290 3627 so'tpntum
312 3541 416 3623 religio
439 3545 536 3624 potuit
558 3545 682 3607 suadere
705 3544 855 3608 malorum.

226 3616 307 3655 ”x
858 3645 893 3700 1*
