2438 3998
606 238 646 291 111
1087 237 1128 302 69

123 399 174 448 135
193 383 337 463 quidquid
360 381 475 464 idest,
497 382 637 444 habeant:
659 390 692 444 tu
715 392 814 445 cetera
836 388 956 464 percipe
980 387 1065 446 dicta.

237 470 322 531 Nunc
350 473 480 531 animum
503 478 591 550 atque
614 473 742 532 animam
765 473 831 533 dico
855 476 1011 534 coniuncta
1034 474 1130 534 teneri

193 561 273 620 inter
296 577 328 619 se
351 565 439 636 atque
462 577 551 620 unam
573 565 710 619 naturam
732 561 877 621 conticere
901 580 937 621 ex
961 580 1006 641 se,

194 647 246 707 sed
270 654 358 726 caput
380 665 446 707 esse
470 649 555 725 quasi
577 653 607 706 et
630 646 775 707 dominari
797 651 830 709 in
853 667 976 728 corpore
999 655 1060 708 toto

194 734 364 815 consilium,
387 734 466 813 quod
489 752 544 793 nos
566 736 697 794 animum
719 743 907 814 mentemque
930 755 1076 797 vocamus.

124 838 176 886 140
194 824 284 901 idque
307 826 397 884 situm
420 821 660 900 mediaregione
683 824 715 881 in
737 826 867 901 pectoris
889 824 999 885 haeret.

193 910 243 970 hic
266 910 377 972 exultat
400 912 479 969 enim
501 928 592 989 paror
615 929 648 970 ac
670 917 781 992 metus,
803 911 876 972 haec
898 911 963 972 loca
985 915 1098 973 circum

194 998 323 1060 laetitiae
346 998 488 1060 mulcent:
511 998 560 1057 hic
584 1015 654 1075 ergo
677 1016 762 1058 mens
785 1001 995 1077 animusquest.

195 1093 293 1148 cetera
316 1106 385 1166 pars
408 1087 522 1147 animae
545 1103 600 1163 per
621 1092 716 1145 totum
739 1086 843 1146 dissita
865 1104 973 1165 corpus

195 1182 280 1253 paret
302 1183 332 1236 et
354 1175 390 1235 ad
413 1190 524 1235 numen
547 1174 654 1232 mentis
677 1191 854 1251 momenque
877 1181 1019 1234 movetur.

126 1277 177 1326 145
196 1261 285 1339 idque
309 1262 366 1323 sihi
389 1263 485 1323 solum
507 1279 561 1340 per
584 1278 616 1320 se
640 1263 729 1339 sapit:
751 1259 788 1323 ld
808 1261 867 1321 sibi
889 1262 1008 1342 gaudet,

196 1369 264 1410 cum
286 1369 383 1429 neque
405 1369 455 1410 res
478 1350 605 1408 animam
627 1366 724 1426 neque
747 1367 855 1428 corpus
879 1357 1043 1410 commovet
1065 1368 1131 1410 una.

197 1445 227 1498 et
249 1440 347 1518 quasi,
370 1456 438 1498 cum
461 1442 549 1515 eaput
571 1442 621 1495 aut
644 1435 747 1496 oculus
770 1444 931 1515 temptante
956 1436 1057 1497 dolore

195 1525 322 1585 laeditur
344 1527 377 1585 in
399 1524 498 1604 nobis,
521 1541 581 1583 non
604 1527 685 1583 omni
708 1527 932 1585 concruciamur

197 1631 334 1694 corpore,
358 1615 401 1674 sic
424 1614 539 1673 animus
562 1628 784 1689 nonnumquam
806 1610 933 1672 laeditur
956 1615 1019 1691 ipse

127 1718 179 1766 150
197 1701 366 1778 laetitiaque
390 1703 481 1779 viget,
505 1716 572 1758 cum
596 1705 694 1758 cetera
716 1716 785 1776 pars
808 1701 916 1758 animai

196 1807 251 1867 per
273 1787 406 1849 membra
429 1796 516 1867 atque
539 1792 621 1846 artus
643 1784 723 1846 nulla
745 1788 873 1846 novitate
897 1789 1004 1847 cietur:

197 1894 300 1936 verum
324 1875 375 1936 ubi
396 1876 526 1936 vementi
549 1875 643 1951 magis
665 1880 711 1933 est
733 1881 878 1934 commota
900 1881 982 1934 metu
1003 1893 1101 1956 mens,

198 1965 365 2024 consentire
389 1967 516 2023 animam
537 1968 629 2021 totam
651 1979 706 2040 per
728 1961 859 2022 membra
881 1962 1027 2043 videmus,

199 2051 382 2129 sudoresque
406 2053 447 2111 ita
469 2049 669 2130 palloremque
692 2051 821 2110 existere
844 2057 906 2110 toto

127 2155 179 2205 155
199 2157 322 2217 corpore
346 2145 376 2199 et
398 2138 520 2215 infringi
541 2137 672 2215 linguam
694 2154 855 2215 vocemque
878 2136 1001 2218 aboriri,

198 2225 325 2304 caligare
348 2225 462 2306 oculos,
486 2242 592 2287 sonere
615 2226 708 2305 auris,
732 2225 885 2285 succidere
908 2232 1002 2306 artus,

199 2314 327 2391 denique
350 2315 507 2374 concidere
530 2330 567 2372 ex
592 2314 683 2372 animi
705 2318 819 2373 terrore
843 2312 976 2372 videmus

199 2419 286 2480 saepo
308 2401 457 2482 homines3
480 2399 565 2461 lacile
587 2407 620 2459 ut
643 2401 739 2477 quivis
762 2400 832 2460 hine
853 2418 978 2460 noscere
1001 2402 1095 2478 possit
1154 2459 1157 2466 ,

199 2507 265 2549 esse
279 2490 406 2549 animam
420 2507 487 2549 cum
502 2489 599 2548 animo
614 2489 810 2567 coniunctam,
829 2506 903 2565 quae
918 2505 986 2547 cum
1000 2489 1090 2547 animi
1103 2485 1136 2548 oi

128 2593 180 2642 100
198 2583 382 2656 percussam,
404 2579 482 2637 erim
507 2593 613 2653 corpus
636 2574 775 2653 propellit
797 2581 828 2634 et
849 2577 910 2635 icit,

241 2663 321 2724 Haec
344 2663 447 2725 eadem
470 2665 546 2724 ratio
569 2669 704 2722 naturam
727 2664 818 2722 animi
841 2669 929 2740 atque
951 2664 1061 2722 animai

199 2769 372 2830 corpoream
395 2752 482 2812 docet
504 2768 583 2811 esse:
606 2749 659 2810 ubi
682 2752 761 2810 enim
783 2750 950 2828 propellere
972 2749 1117 2832 membra,

199 2842 349 2918 corripere
372 2858 410 2899 ex
433 2857 536 2899 somno
560 2855 680 2918 corpus,
703 2843 877 2915 mutareque
900 2836 1012 2898 vultum

199 2934 286 3005 atque
308 2926 460 2986 hominem
482 2933 578 2986 totum
601 2943 706 3003 regere
730 2944 763 2985 ac
785 2943 902 2985 versare
926 2925 1056 3007 videtur,

128 3028 179 3078 165
199 3031 325 3092 quorum
348 3012 391 3074 nil
413 3016 480 3074 lieri
503 3016 567 3073 sine
590 3020 672 3074 tactu
694 3030 782 3092 posse
805 3013 953 3093 videmuS‚

197 3120 252 3162 nec
274 3108 386 3162 tactum
409 3120 499 3181 porro
522 3103 586 3161 siue
610 3118 748 3181 corpore,
771 3118 869 3160 nonne
892 3100 1073 3162 fatendumst

199 3207 341 3268 corporea
363 3196 468 3250 natura
490 3191 622 3248 animum
646 3195 781 3248 constare
804 3184 1013 3266 animamque?

197 3284 350 3355 praeterea
372 3280 485 3356 pariter
507 3276 591 3354 iungi
614 3293 682 3336 cum
704 3293 829 3355 corpore
853 3283 883 3337 et
905 3294 964 3336 una

198 3367 366 3425 consentire
390 3367 521 3425 animum
543 3363 630 3424 nobis
653 3366 685 3423 in
708 3381 832 3442 corpore
856 3367 962 3426 cernis.

127 3469 179 3518 170
199 3454 226 3513 si
247 3455 347 3512 minus
370 3452 493 3513 offendit
514 3453 604 3512 vitam
627 3453 672 3510 vis
694 3451 814 3512 horrida
836 3451 889 3512 teli

197 3539 316 3600 ossibus
339 3558 373 3600 ac
395 3542 496 3601 nervis
519 3539 656 3600 disclusis
680 3541 761 3599 intus
784 3540 898 3619 adacta,
