2438 3998
542 227 581 280 Vi
1000 226 1064 292 183

129 382 159 436 et
182 392 384 454 quaecumque
407 375 439 435 iu
462 393 498 436 co
521 381 585 434 tum
608 375 668 434 siut
691 373 836 453 deprensa
858 373 985 436 tumultu

57 471 112 522 430
127 464 242 541 navigia
263 465 295 523 iu
318 480 467 523 summum
489 464 608 522 veniant
630 468 732 523 vexata
753 461 906 542 periclum.
1023 485 1065 527 400

128 552 183 613 100
206 552 240 611 iit
261 549 314 613 ubi
335 551 484 611 interdum
506 568 567 610 non
590 552 655 628 quit
676 552 720 610 vis
743 551 834 612 incita
855 553 936 613 venti

57 658 109 706 425
129 657 267 718 rumpere
290 657 378 718 quam
401 640 499 718 coepit
520 638 644 719 nubem,
666 638 719 699 sed
742 638 894 720 deprimit,
916 646 950 701 ut
972 641 1012 700 sit

129 730 160 788 in
181 745 263 788 mare
287 726 323 788 de
346 725 426 788 caelo
448 734 598 806 tamquam
620 726 749 787 demissa
771 726 919 808 columna,

126 815 281 897 paulatim,
305 817 390 894 quasi
412 815 482 895 quid
504 832 603 894 pugno
626 814 803 894 bracchique
826 833 954 895 superne

57 911 113 964 435
128 906 265 965 coniectu
285 903 422 965 trudatur
444 910 474 965 ct
496 904 672 964 extendatur
692 905 724 964 in
744 903 851 985 undas3
1023 924 1066 967 cas

130 1011 217 1072 quam
240 1010 307 1053 cum
324 991 464 1072 discidit,
484 991 556 1052 hine
577 994 781 1071 prorumpitur
803 994 835 1052 in
857 1009 938 1052 mare
959 995 1042 1053 renti

58 1097 111 1148 400
129 1083 174 1142 vis
197 1087 227 1140 et
248 1080 394 1141 fervorem
416 1082 525 1140 mirum
549 1081 759 1140 concinnatio
782 1079 882 1140 undis:

129 1167 331 1229 versabundus
354 1169 434 1228 euim
455 1167 543 1228 turbo
564 1167 721 1229 descendit
743 1174 773 1228 et
794 1167 874 1228 illam

130 1256 250 1317 deducit
270 1257 382 1336 pariter
404 1255 483 1315 lento
507 1274 574 1316 cum
597 1273 720 1335 corpore
743 1254 865 1338 nubem3

59 1351 115 1402 440
130 1362 217 1424 quam
239 1342 328 1405 simul
351 1362 385 1404 ac
407 1344 554 1422 gravidam
574 1344 702 1405 detrusit
719 1344 754 1404 ad
773 1362 901 1423 aequora
918 1345 1010 1425 ponti,
1024 1367 1065 1408 00

130 1431 180 1493 ille
203 1434 235 1492 in
257 1450 362 1511 aquam
384 1430 483 1492 subito
505 1439 600 1493 totum
623 1451 655 1493 se
678 1433 801 1493 inmittit
823 1439 854 1495 et
875 1450 961 1494 omne

60 1537 113 1587 435
132 1521 241 1581 excitat
262 1521 375 1600 ingenti
397 1522 498 1582 sonitu
519 1538 601 1581 mare
623 1520 738 1581 fervere
762 1538 877 1599 cogens.

132 1609 165 1670 iit
187 1626 303 1687 quoque
327 1613 360 1668 ut
380 1606 508 1668 involvat
529 1610 609 1669 venti
631 1626 664 1668 se
688 1606 815 1669 nubibus
841 1611 904 1688 ipse

95 1748 98 1752 ,
131 1703 245 1776 vertex,
268 1695 431 1758 conradens
454 1714 490 1756 ex
512 1701 580 1757 aere
604 1698 716 1756 semina
738 1694 838 1777 uubis,

60 1791 115 1842 445
131 1790 162 1845 et
183 1786 267 1863 quasi
289 1784 451 1845 demissum
473 1782 553 1844 caelo
576 1791 710 1862 prestera
732 1785 876 1845 imitetur:
1022 1805 1065 1847 aro

132 1873 181 1933 bic
202 1871 255 1933 ubi
277 1890 309 1933 se
331 1874 363 1932 iu
385 1879 480 1933 terras
503 1871 623 1932 demisit
644 1871 851 1953 dissoluitque,

61 1977 115 2028 440
132 1958 260 2021 turbinis
281 1962 439 2021 immanem
461 1961 521 2019 rim
542 1961 688 2038 provomit
710 1967 797 2038 atque
819 1958 974 2038 procellae.

133 2048 185 2111 sed
208 2050 276 2127 quia
298 2049 331 2108 tit
353 2066 420 2109 raro
443 2050 562 2109 omuino
584 2049 752 2126 montisque
775 2056 950 2110 necessest·

134 2137 252 2198 officere
274 2138 306 2197 in
328 2139 430 2217 terris,
454 2143 574 2215 apparet
595 2134 729 2197 crebrius
751 2135 831 2197 idem

63 2231 120 2282 450
134 2232 292 2304 prospectu
314 2226 404 2285 maris
426 2226 458 2285 iu
480 2242 585 2302 magno
608 2223 747 2302 caeloque
769 2226 889 2304 patenti
928 2257 931 2266 -
1024 2246 1066 2289 tao

177 2311 283 2373 Nubila
304 2319 512 2392 concrescunt,
534 2311 586 2372 ubi
608 2330 730 2392 corpora
752 2312 844 2374 multa
865 2311 989 2373 volando

63 2418 116 2467 446
134 2400 189 2460 hoo
212 2418 319 2479 supero
342 2403 374 2461 in
396 2400 470 2460 caeli
493 2402 586 2479 spatio
610 2406 707 2461 coiere
730 2408 851 2480 repente

135 2489 296 2569 asperiora,
318 2490 413 2549 modis
436 2506 511 2568 quae
533 2490 648 2567 possint
670 2488 842 2568 indupedita

135 2578 249 2654 exiguis
270 2582 368 2636 tamen
390 2578 469 2638 inter
491 2595 523 2637 se
546 2595 719 2656 comprensa
740 2579 845 2637 teneri.

63 2671 119 2723 455
133 2663 206 2725 hacc
228 2663 339 2725 faciunt
359 2666 488 2743 primum
509 2683 614 2744 parvas
637 2666 800 2727 consistere
822 2663 929 2724 nubes:
1024 2686 1066 2728 aas

133 2753 202 2813 iude
226 2770 260 2813 ea
282 2751 496 2830 comprendunt
516 2754 595 2813 iuter
618 2771 650 2813 se
673 2771 787 2832 conque
810 2759 969 2831 gregantur

62 2856 116 2906 450
134 2846 165 2902 et
186 2840 390 2919 coniungendo
413 2848 552 2901 creseunt
572 2842 726 2919 ventisque
748 2841 884 2901 feruntur

134 2946 228 3008 usque
251 2928 322 2989 adeo
345 2928 440 2989 donec
461 2935 621 3006 tempestas
643 2947 728 2989 saeva
751 2935 887 2989 coortast.

134 3017 167 3077 iit
189 3034 306 3096 quoque
328 3019 373 3078 uti
395 3018 503 3076 montis
526 3017 622 3076 vicina
644 3018 796 3078 cacumina
817 3015 899 3076 caelo

62 3112 119 3163 460
134 3122 221 3184 quam
240 3107 300 3167 sint
317 3123 450 3184 quaeque
468 3105 570 3184 magis,
591 3110 673 3164 tauto
691 3107 784 3183 magis
803 3105 881 3166 edita
898 3104 1013 3164 fument
1025 3127 1068 3167 eoo

134 3192 255 3254 adsidue
278 3193 379 3255 furvae
400 3191 488 3254 nubis
511 3191 635 3270 caligine
659 3211 758 3254 crassa

61 3298 115 3348 4⁶5
133 3289 289 3361 propterca
312 3283 393 3362 quia,
416 3299 483 3342 cum
506 3283 673 3342 consistunt
694 3280 794 3342 nubila
816 3283 959 3362 primum,

133 3375 200 3430 ante
222 3370 322 3431 videre
345 3368 423 3430 oculi
446 3387 534 3448 quam
555 3371 671 3448 possint
692 3372 802 3451 tenvia,
827 3372 908 3430 venti

132 3465 284 3536 portantes
306 3465 412 3536 coguut
436 3459 472 3518 ad
495 3475 609 3518 summa
632 3459 783 3519 cacumina
805 3460 926 3518 montis:

61 3545 181 3606 4051ιί0
204 3545 321 3607 demum
344 3547 378 3607 ot
398 3548 444 3608 uti
464 3545 551 3606 turba
573 3547 685 3607 maiore
709 3554 808 3606 coorta
837 3555 838 3558 ’
1026 3565 1068 3606 ecs
