2438 3998
480 825 735 900 APPENDIX.

181 1084 249 1140 Cum
256 1094 318 1139 vere
326 1084 605 1140 anniMDOOOXClV
612 1084 756 1152 Gymnasii
766 1084 846 1138 civici
852 1084 982 1139 Halcnsis
990 1085 1109 1156 collega-

101 1175 167 1211 rum
179 1156 308 1225 precibus
323 1156 470 1210 obsecutus
487 1157 676 1225 promisissem
688 1172 733 1209 mc
747 1156 821 1210 hanc
833 1155 944 1210 Lucreti
958 1157 1110 1211 editionem

104 1228 175 1282 satis
183 1230 292 1280 mature
302 1227 501 1292 absoluturum,
508 1226 1109 1293 utLitterarumUniversitatiFridericianac

103 1298 222 1351 Halcnsi
241 1298 335 1350 media
357 1299 463 1350 aestate
483 1298 560 1351 illius
579 1296 646 1350 111111
669 1298 824 1351 saecularia
844 1298 933 1351 altera
957 1298 1109 1352 celebranti

104 1369 230 1422 (11111111
247 1369 354 1437 posset,
372 1385 437 1421 mox
455 1369 528 1421 sensi
546 1383 591 1422 mc
610 1383 669 1421 rem
688 1367 831 1422 difficilem
850 1369 887 1422 ad
910 1371 1110 1438 praestandum

103 1440 395 1564 111111ἓὲ11Ὓὲ
407 1438 1110 1581 lffitillilmpltnlttddmutilffltffilt

104 1583 186 1634 erant
204 1613 237 1622 -
257 1580 428 1635 elaboranda
446 1581 583 1649 insumpsi
601 1582 630 1634 et
648 1580 810 1634 continuato
823 1596 913 1649 paene
928 1582 1026 1636 diurno
1044 1598 1109 1636 noc-

102 1658 242 1719 turnoque
255 1651 351 1705 labore
368 1650 455 1718 effeci,
473 1653 506 1704 ut
522 1652 597 1705 hanc
614 1667 724 1719 quoquc
743 1651 833 1719 operis
851 1654 961 1720 partem
980 1653 1017 1704 ad
1035 1653 1109 1706 diem

104 1721 284 1790 absolverem,
299 1723 348 1776 sed
357 1723 476 1789 nonita,
489 1723 524 1775 ut
535 1739 592 1775 non
606 1723 717 1790 sacpius
732 1738 817 1788 quam
826 1723 933 1790 vellem,
947 1723 977 1775 in
986 1724 1108 1776 numeris

102 1793 294 1862 potissimum,
307 1809 364 1847 non
376 1809 520 1860 nunquam
534 1793 620 1846 ctiam
633 1793 663 1845 in
680 1792 763 1845 rebus
776 1791 892 1846 laberer.
926 1810 998 1861 quac
1017 1796 1109 1847 errata

104 1864 252 1932 quominus
270 1864 301 1916 in
317 1864 438 1933 repetita
455 1864 634 1934 plagulamm
651 1863 722 1916 mihi
740 1863 777 1916 ad
795 1865 999 1917 emendandum
1011 1865 1109 1918 missa-

102 1952 167 1987 rum
187 1935 307 1988 lectione
331 1935 424 1988 omnia
447 1935 612 2005 corrigerem
633 1934 704 1987 haec
727 1949 811 2000 quam
835 1934 958 1988 dicturus
982 1953 1043 1988 sum
1064 1952 1109 1989 res

104 2004 222 2059 obstitit.
254 2004 304 2058 ubi
321 2006 443 2074 primum
460 2005 547 2059 feriae
560 2005 653 2059 factae
667 2007 744 2071 sunt,
762 2007 795 2057 ut
808 2005 997 2058 valetudinem
1008 2022 1110 2075 parum

104 2076 256 2130 secundam
274 2076 463 2130 confirmarem
481 2077 511 2128 in
524 2076 704 2130 solitudinem
718 2077 746 2127 et
758 2075 895 2127 montium
907 2092 1031 2130 recessus
1045 2094 1110 2131 con·

103 2146 178 2217 fugi:
197 2146 247 2199 ubi
265 2147 394 2217 plagulas
413 2147 478 2200 illas
497 2147 597 2218 relegi,
622 2164 685 2200 cum
703 2146 789 2198 etiam
806 2147 868 2198 tum
889 2147 935 2200 vix
958 2147 1026 2201 satis
1045 2164 1109 2202 con-

103 2217 260 2270 valuissem.
293 2217 444 2271 accedebat
462 2218 537 2285 quod
553 2217 633 2270 libris
650 2233 751 2286 parum
768 2217 919 2271 instructus
938 2233 1021 2273 eram.
1053 2235 1108 2287 quo

102 2287 212 2342 factum
234 2290 289 2370 est,
312 2291 345 2342 ut
366 2289 456 2342 multa
478 2289 581 2342 menda
602 2304 653 2369 me·
670 2287 808 2370 lugerent:
845 2288 919 2355 quod
942 2305 1002 2342 sero
1016 2290 1107 2371 sensi.

102 2375 372 2483 astaus
390 2358 1108 2500 ratgar?{statsllllsdtlls³l¹⁵⁵1¹¹²⁰

183 2499 282 2567 Neque
294 2501 390 2553 tamen
402 2501 575 2554 faustissima
588 2502 733 2555 occasione
747 2502 859 2568 arrepta
877 2501 945 2554 satis
958 2501 1046 2554 habui
1060 2517 1109 2555 seu

102 2586 167 2624 mea
182 2586 230 2624 seu
244 2571 408 2640 typothetae
423 2574 515 2625 errata
529 2572 674 2642 corrigere,
689 2571 739 2624 sed
753 2587 815 2624 cum
829 2573 858 2624 11
871 2570 1053 2625 Suscmihlius
1068 2573 1109 2626 vir

104 2641 281 2695 doctissimus
296 2644 325 2694 et
339 2643 373 2694 dc
386 2658 431 2696 me
444 2643 507 2711 plus
516 2659 573 2697 uno
582 2643 694 2696 nominc
704 2642 809 2710 optime
820 2642 935 2695 meritus
948 2659 1005 2696 non
1018 2659 1109 2711 pauca

103 2713 179 2765 recte
192 2712 345 2766 monuisset
358 2713 388 2765 in
397 2713 508 2766 Lucreti
521 2714 577 2766 mci
589 2728 712 2779 censura,
723 2728 795 2780 quac
809 2711 914 2764 inserta
923 2714 966 2765 cst
978 2712 1107 2767 hebdom.

124 2783 338 2853 hilologicarum
360 2783 448 2837 Berol.
471 2783 606 2836 fasciculo
628 2799 691 2836 non.
712 2781 828 2836 Sexta.
850 2786 917 2835 1895
937 2783 1025 2851 edito,
1045 2786 1109 2837 111

102 2801 242 2907 biussano
251 2853 309 2907 viro
320 2854 474 2907 acutissimi
481 2854 594 2924 ingenii,
606 2854 654 2921 qui
664 2853 816 2907 editionem
824 2869 916 2905 meam
924 2853 954 2905 in
961 2855 1108 2908 voluminis

103 2922 194 2978 XXIV
212 2926 374 2993 conspectus
391 2924 527 2978 librorum
544 2924 777 2994 philologicorurn
786 2955 819 2964 -
829 2923 928 2976 rivista
941 2924 970 2976 di
984 2924 1109 2994 filologia

102 2994 309 3049 inscribitur-
323 2994 456 3050 fasciculo
470 2995 559 3064 primo
579 2997 608 3048 ct
624 2995 708 3049 tertio
721 2993 872 3060 recensuit,
891 3010 947 3047 non
960 3010 1051 3062 pauca
1066 2997 1108 3048 di-

104 3065 242 3132 dicissem,
251 3065 391 3119 habebam
399 3066 488 3119 multa
499 3069 527 3119 et
535 3064 617 3132 bona,
626 3081 697 3133 quae
707 3081 763 3118 non
773 3064 862 3118 solum
872 3065 909 3116 ad
917 3080 1010 3118 mcum
1018 3084 1107 3134 usum,

104 3136 154 3189 scd
164 3136 250 3189 etiam
259 3137 296 3190 ad
306 3153 400 3190 eorum
409 3138 458 3205 qui
467 3136 590 3190 editione
598 3152 662 3189 mea
670 3137 814 3189 uterentur
822 3135 976 3189 utilitatem
984 3136 1108 3190 videren-

102 3210 150 3260 tur
162 3208 309 3276 pertinerc.
347 3209 384 3260 ad
402 3224 474 3276 quae
491 3207 577 3276 paulo
599 3210 664 3276 post
682 3207 768 3260 etiam
779 3205 910 3260 uberiora
925 3210 1106 3261 accesserunt.

103 3294 170 3331 nam
188 3294 244 3331 non
261 3278 350 3332 multo
364 3281 429 3347 post
441 3279 517 3332 idem
530 3279 579 3331 ille
593 3279 635 3332 vir
648 3277 825 3331 doctissimus
844 3293 955 3330 carmen
968 3278 1003 3331 de
1016 3295 1109 3332 rerum

103 3350 205 3401 natura
230 3349 427 3403 commentario
453 3349 624 3418 amplissimo
649 3348 816 3401 instructum
840 3347 993 3402 Mediolani
1019 3349 1109 3402 edidit

102 3419 193 3473 tribus
207 3419 405 3487 voluminibus,
424 3419 525 3487 quibus
538 3436 594 3474 uno
610 3419 749 3474 volumine
762 3419 908 3487 praemisit
922 3420 1018 3472 decem
1035 3436 1108 3473 eom-

101 3490 288 3545 mcntationcs
308 3491 342 3544 de
360 3490 442 3544 rebus
461 3507 478 3544 a
496 3489 625 3544 Lucretio
639 3489 767 3544 tractatis
782 3489 908 3558 scriptas.
941 3506 1004 3544 cum
1022 3490 1108 3562 igitur
