2438 3998
469 187 751 244 Pnonudoumta
1028 189 1119 245 XXIII

106 334 179 414 quid
207 336 299 413 igitur
321 341 525 415 expectamuS,
553 336 612 395 nisi
634 353 703 395 eum
726 334 877 396 dicturum
899 353 965 396 esse
989 354 1022 396 ea
1046 353 1118 415 quo-

106 441 164 502 que
189 440 264 501 quae
288 441 325 482 ex
347 423 520 501 primordiis
542 425 617 501 ipsis
641 429 778 483 contexta
797 425 857 484 sint
875 441 990 484 summa
1008 423 1117 485 debere

106 528 173 572 esse
205 507 372 571 tenuitate?
421 528 518 589 neque
551 509 673 570 dubium
705 518 764 591 est,
797 513 868 590 quin
895 511 1052 573 Lucretius
1085 511 1117 572 id

107 597 240 660 scribere
267 601 299 658 in
325 601 424 659 animo
450 597 600 678 habuerit3
628 598 681 658 sed
708 606 866 677 antequam
899 599 1056 681 scriberet,
1084 603 1116 660 in

106 694 238 747 mentem
265 688 294 747 ci
320 689 401 748 venit
426 686 556 747 nondum
580 686 814 748 demonstratum
838 706 913 768 esse,
936 706 1024 767 quam
1048 687 1117 748 sub·

106 775 172 836 tilia
204 781 304 835 essent
335 775 498 854 primordia
530 793 644 836 rerum:
676 777 775 853 itaque
803 775 839 836 ab
867 778 1003 836 instituto
1031 779 1117 856 quasi

107 862 250 924 aberrans
277 865 318 924 ita
345 865 455 944 pergit,
482 870 515 924 ut
541 863 620 923 dicat
646 879 730 924 νννν
751 865 854 925 tomen
875 861 911 926 td
931 881 1048 943 quoque
1068 861 1117 926 oti

106 949 284 1032 confirmem
307 959 362 1012 cet.
408 951 488 1030 quod
511 954 537 1011 si
560 953 627 1031 quis
650 953 682 1010 in
704 951 751 1010 his
777 959 807 1011 et
830 951 976 1013 similibus
999 960 1116 1031 poetam

106 1039 260 1101 accusabit
281 1039 494 1120 neglegentiae,
515 1041 557 1099 ita
575 1041 604 1098 ei
622 1041 776 1120 assentiar,
798 1045 832 1099 ut
850 1041 992 1100 maiorem
1012 1040 1116 1119 culpae

106 1134 223 1206 partem
245 1129 277 1187 in
300 1127 452 1188 doctrinae
476 1133 626 1188 auctorem
648 1127 832 1187 transferam.
872 1146 940 1187 nam
961 1130 1033 1206 quin
1051 1130 1115 1208 ipse

106 1215 256 1295 Epicurus
279 1217 311 1276 in
335 1234 370 1276 eo
394 1233 452 1294 qno
475 1214 525 1276 hic
547 1233 620 1275 usus
643 1221 689 1276 est
710 1214 867 1276 Lucretius
890 1214 989 1276 libello
1007 1233 1056 1277 res
1074 1218 1116 1277 ita

105 1305 262 1364 miscuerit
291 1303 525 1385 turbaveritque,
557 1321 644 1363 nemo
673 1302 830 1385 dubitabit,
859 1306 911 1382 qui
938 1306 1116 1383 meminerit,

106 1391 179 1471 quid
211 1390 260 1452 ille
292 1393 325 1451 in
357 1391 499 1472 epistulae
532 1391 568 1451 ad
600 1390 707 1452 Herod.
740 1392 824 1452 datae
855 1411 917 1470 par.
943 1390 986 1455 46
1015 1399 1045 1453 et
1071 1389 1114 1454 47

105 1481 221 1540 lecerit
267 1479 333 1561 ubi,
360 1487 516 1558 postquam
540 1497 605 1541 esse
629 1480 786 1541 simulacra
809 1479 1032 1561 demonstravit,
1055 1499 1115 1541 non

105 1567 144 1629 ad
167 1566 199 1627 id
221 1569 338 1648 transit,
361 1567 439 1646 quod
462 1570 629 1645 proximum
653 1575 725 1649 erat,
745 1576 778 1628 ut
797 1568 893 1646 qualia
913 1571 972 1628 sint
994 1569 1115 1629 demon·

107 1663 197 1737 stret,
234 1656 287 1715 sed
324 1655 360 1716 ab
397 1673 430 1716 ea
466 1673 500 1716 re
536 1655 621 1734 longe
659 1662 796 1733 evagatus
832 1673 907 1714 novo
939 1655 1065 1734 capitulo
1098 1675 1115 1715 a

104 1737 163 1805 τινὶ
187 1740 253 1824 μὴν
274 1737 329 1805 καὶ
352 1761 475 1803 exorsus
499 1743 535 1803 de
559 1751 723 1803 atomorum
746 1745 778 1802 in
795 1745 877 1802 inani
894 1750 992 1803 motus
1011 1742 1114 1803 celeri·

106 1839 168 1892 tate
196 1831 341 1911 loquitur,
369 1831 405 1894 de
434 1849 491 1910 qua
518 1838 585 1891 ante
613 1833 642 1890 ei
669 1831 827 1891 dicendum
854 1838 930 1911 crat,
959 1838 988 1891 et
1019 1849 1054 1891 ea
1081 1850 1114 1892 re

106 1919 242 1981 absoluta
265 1920 301 1980 de
326 1918 552 1980 simulacrorum
575 1925 673 1979 motus
697 1918 846 1979 celeritate
871 1919 977 1978 docere
999 1921 1114 2000 incipit,

107 2008 146 2069 ad
169 2007 199 2068 id
222 2014 428 2086 argumentum
451 2008 641 2066 inscitissime
664 2009 812 2067 transiens
834 2007 881 2067 his
904 2006 1015 2066 verbis:
1038 2006 1114 2088 χρή-

105 2109 208 2177 σιμον
235 2093 276 2175 δὴ
298 2088 353 2156 καὶ
375 2099 475 2156 τοῦτο
497 2103 671 2175 κατασχεῖν
693 2092 731 2156 τὸ
754 2102 926 2175 στοιχεῖον.
972 2087 1035 2156 εἷθ’
1064 2091 1115 2157 ὅτι

105 2182 148 2246 τὰ
172 2181 292 2245 εἴδωλα
314 2190 385 2255 ταῖς
403 2181 598 2261 λεπτότησιν
617 2178 877 2265 ἀνυπερβλήτοις
891 2177 1042 2263 κέχρηται
1063 2228 1114 2245 ...

105 2273 144 2334 cf.
172 2272 243 2332 diss.
271 2270 362 2332 schol.
389 2288 485 2330 meam
511 2270 574 2330 Hal.
604 2268 688 2333 1882
717 2271 762 2331 ed.
790 2289 816 2348 p.
841 2266 870 2331 5.
917 2271 969 2331 scd
996 2289 1055 2331 non
1083 2274 1115 2332 in

105 2360 237 2440 Epicuro
265 2359 350 2438 culpa
377 2366 423 2418 est
449 2361 481 2418 in
508 2357 526 2418 l.
549 2358 585 2417 Vl
612 2377 655 2418 vv.
677 2356 860 2441 601-608,
887 2357 950 2418 ubi:
977 2360 1023 2420 est
1041 2355 1116 2420 boec

106 2464 299 2526 ...qaoque
326 2442 1114 2526 air...ccosa...‚oecoooot...unce...

102 2533 214 2617 fresnit
234 2538 305 2597 octe
327 2582 393 2616 ...,
409 2535 484 2613 post
508 2531 606 2596 incito
633 2550 728 2597 cum
748 2531 796 2596 νόν
894 2533 1066 2613 comptior
1087 2537 1116 2597 et

187 2621 351 2686 monor
372 2669 437 2703 ...,
464 2621 516 2683 ubi
544 2622 594 2682 illo
622 2640 691 2684 cum
721 2624 855 2682 instituta
884 2625 1113 2684 continuationis

105 2713 201 2773 forma
224 2712 416 2790 abrumpitur.

196 2800 254 2861 Sed
282 2800 317 2859 de
344 2799 391 2859 his
415 2798 617 2878 neglegentiae
640 2798 791 2859 cuiusdam
818 2816 834 2858 a
857 2801 1114 2876 grammaticorum

105 2891 263 2950 severitate
291 2887 478 2947 abhorrentis
506 2887 691 2949 documentis
719 2888 791 2946 satis
819 2888 878 2946 iam
904 2889 951 2946 sit.
997 2887 1033 2947 de
1057 2906 1115 2967 qua

103 2977 292 3055 neglegentia
312 2977 462 3054 utcunque
481 2994 536 3055 pro
560 2993 613 3035 suo
633 2977 757 3054 quisque
777 2976 895 3052 ingenio
914 2974 1058 3034 iudicabit
1071 3008 1114 3019 -

104 3065 244 3145 equidem
260 3065 353 3125 latcor
371 3063 445 3123 mihi
457 3062 608 3124 nonnullis
628 3062 701 3124 locis
719 3062 765 3123 vel
779 3069 891 3141 gratam
911 3080 976 3122 esse
992 3096 1043 3142 -,
1057 3062 1114 3124 hoc

104 3152 227 3232 quidem
253 3170 340 3212 nemo
368 3150 487 3230 negabit
517 3150 637 3212 Lucreti
665 3151 795 3211 editores
822 3169 856 3210 ea
887 3152 986 3211 omnia
1012 3151 1114 3212 videre

103 3248 192 3320 atquc
221 3243 253 3300 in
280 3239 463 3300 emendando
491 3242 622 3301 carmine
648 3241 712 3300 eius
735 3241 780 3299 rei
802 3241 948 3299 rationem
970 3239 1114 3301 habentes

102 3338 189 3390 caute
222 3335 252 3389 et
284 3331 497 3406 circumspecte
530 3346 617 3406 agere
646 3327 783 3387 debuisse
816 3329 847 3387 in
881 3330 1113 3390 constructionis

101 3419 184 3479 vitiis
213 3435 287 3496 quac
315 3415 489 3477 videbantur
512 3415 663 3477 tollendis:
690 3416 720 3476 id
744 3416 822 3494 quod
847 3433 898 3475 eos
922 3435 982 3477 non
1005 3418 1113 3477 iecisse

101 3508 161 3566 iam
184 3505 320 3565 vidimus.
