2438 3998
102 225 166 290 152
586 225 611 280 v
716 291 721 305 ,

102 391 153 441 700
173 373 250 452 quod
273 373 371 433 radios
394 375 590 452 interrumpat
612 373 770 452 lumenque
793 371 968 453 profusum?

102 470 157 522 786
171 469 202 523 et
223 469 322 522 tamen
344 463 408 540 ipsa
431 479 484 522 suo
509 464 535 522 si
557 461 648 540 fulget
671 461 739 522 luna
763 465 871 544 nitore,

173 568 227 610 cur
249 556 376 628 nequeat
398 557 479 611 certa
501 550 604 610 mundi
626 550 816 629 languescere
840 559 937 632 parte,

173 638 242 698 dum
265 637 328 699 loca
351 637 514 699 luminibus
536 640 665 717 propriis
688 641 807 700 inimica
829 659 884 719 per
906 637 989 700 exit?
1069 664 1110 703 aro

217 725 301 798 Quod
319 734 464 808 superest,
482 729 620 806 quoniam
638 729 738 805 magni
750 746 805 807 per
819 727 934 789 caerula
948 729 1055 788 mundi
1069 752 1109 791 aas

104 832 155 882 700
173 833 230 894 qua
253 816 318 875 lieri
340 815 479 894 quicquid
502 821 604 894 posset
625 817 740 876 ratione
763 816 885 897 resolvi,

104 910 156 960 771
175 903 245 963 solis
269 905 313 964 uti
335 906 431 963 varios
455 921 560 964 cursus
582 903 727 981 lunaeque
750 912 863 965 meatus

172 1009 296 1052 noscere
318 1009 473 1071 possemus
496 1010 570 1070 quae
593 994 638 1052 vis
661 998 691 1051 et
714 1010 800 1053 causa
824 996 928 1073 cieret,
1068 1015 1110 1056 aas

173 1098 266 1160 quove
289 1079 376 1140 modo
395 1082 519 1158 possent
540 1079 645 1140 ollecto
667 1079 777 1140 lumine
801 1080 883 1141 obire

174 1176 204 1230 et
225 1186 321 1246 neque
344 1153 490 1247 opinantis
513 1166 645 1228 tenebris
668 1166 815 1229 obducere
838 1177 946 1249 terras,

105 1272 155 1323 708
175 1274 241 1317 cum
264 1257 349 1335 quasi
372 1258 507 1316 conivent
530 1263 560 1316 et
582 1262 682 1335 aperto
706 1255 816 1317 lumine
840 1275 958 1318 rursum

104 1352 159 1405 778
175 1346 273 1404 omnia
297 1345 452 1404 convisunt
474 1343 551 1404 clara
573 1343 636 1404 loca
660 1345 783 1405 candida
805 1344 884 1425 luce,

174 1451 252 1493 nunc
275 1432 364 1492 redeo
387 1432 423 1491 ad
447 1432 550 1492 mundi
572 1434 730 1492 novitatem
754 1440 784 1493 et
806 1433 905 1494 mollia
926 1442 1024 1493 terrae
1069 1457 1109 1498 110

174 1539 255 1600 arva,
277 1538 353 1580 novo
376 1520 438 1581 letu
461 1520 530 1599 quid
553 1522 682 1599 primum
704 1523 736 1581 in
758 1521 879 1582 luminis
902 1539 968 1581 oras

175 1609 277 1670 tollere
301 1615 331 1669 et
352 1610 474 1669 incertis
497 1612 608 1669 crerint
630 1612 814 1670 committere
837 1612 940 1670 ventis.

105 1715 157 1766 770
219 1696 368 1776 Principio
392 1715 485 1776 genus
507 1696 666 1758 herbarum
688 1698 870 1776 viridemque
893 1701 1020 1758 nitorem

105 1793 159 1846 781
174 1793 263 1846 terra·
276 1785 357 1846 dedit
379 1788 491 1847 circum
514 1785 597 1846 collis
621 1803 797 1865 camposque
820 1805 874 1865 per
897 1789 1005 1865 omnis,

176 1874 280 1935 llorida
303 1873 448 1934 lulserrmt
470 1875 607 1934 viridanti
629 1881 712 1952 prata
735 1873 846 1954 colore,
1070 1898 1111 1938 aaa

176 1962 389 2041 arboribusque
412 1963 541 2022 datumst
563 1964 653 2022 variis
676 1963 782 2022 exinde
804 1982 858 2042 per
880 1981 966 2023 auras

177 2051 331 2112 crescendi
352 2068 490 2129 magnum
512 2051 643 2110 inmissis
666 2057 816 2111 certamen
838 2049 969 2111 habenis.

107 2146 210 2206 778111
231 2138 329 2218 pluma
353 2145 440 2217 atque
462 2136 515 2216 pili
538 2141 666 2216 primum
689 2146 843 2217 saetaeque
867 2146 1004 2199 creantur

107 2236 163 2289 786
177 2226 389 2306 quadripedum
412 2224 552 2285 membris
576 2233 605 2286 et
628 2244 751 2305 corpore
774 2229 1030 2307 pennipotentum,

178 2318 220 2376 sic
243 2333 316 2374 nova
339 2321 401 2375 tum
424 2313 511 2374 tellus
533 2312 640 2374 herbas
663 2314 845 2394 virgultaque
868 2318 997 2394 primum
1070 2339 1111 2378 aso

178 2402 309 2482 sustulit,
332 2402 400 2463 inde
423 2401 481 2461 loci
503 2402 639 2462 animalia
662 2403 756 2463 saecla
780 2405 889 2464 creavit

177 2492 267 2552 multa
290 2490 385 2550 modis
408 2489 508 2550 multis
531 2493 610 2551 varia
633 2493 746 2551 ratione
769 2499 876 2552 coorta.

108 2597 159 2647 780
177 2598 245 2641 nam
267 2597 362 2658 neque
386 2578 422 2638 de
445 2577 525 2639 88810
548 2579 691 2640 cecidisse
714 2579 850 2639 animalia
872 2586 1009 2659 possunt,

108 2676 233 2729 791nec
255 2669 407 2728 terrestria
430 2667 466 2726 de
490 2666 575 2727 salsis
598 2669 694 2728 exisse
717 2666 842 2728 lacunis:
1049 2728 1052 2739 ,

177 2757 321 2834 linquitur
343 2762 376 2815 ut
398 2757 503 2815 merito
526 2763 691 2816 maternum
714 2773 821 2816 nomen
844 2757 948 2835 adepta
1069 2780 1111 2820 aas

177 2852 256 2905 terra
280 2846 330 2924 sit,
354 2862 369 2904 8
393 2851 471 2904 terra
495 2845 633 2923 quoniam
657 2851 725 2904 sunt
748 2852 852 2904 cuncta
875 2852 980 2904 creata.

177 2932 325 3011 multaque
348 2934 538 2993 nuncetiam
561 2934 692 2992 existunt
714 2931 849 2992 animalia
872 2934 973 3012 terris,

109 3037 158 3086 785
178 3020 323 3082 imbribus
347 3028 376 3081 et
398 3021 492 3082 calido
516 3019 587 3080 solis
610 3028 746 3081 concreta
769 3038 889 3101 vapore3

108 3117 164 3169 796
178 3128 235 3189 qno
258 3112 357 3170 minus
380 3117 426 3170 est
448 3111 569 3188 mirum,
593 3111 619 3168 si
641 3115 703 3168 tum
727 3115 796 3168 sunt
817 3108 901 3187 plura
924 3115 1023 3169 coorta

178 3205 208 3258 et
230 3201 354 3278 maiora,
377 3216 450 3258 nova
472 3195 577 3256 tellure
601 3203 688 3274 atque
711 3196 829 3256 aethere
854 3196 958 3256 adulta.
1069 3221 1111 3260 aoo

178 3289 323 3366 principio
346 3303 438 3364 genus
461 3283 583 3344 alituum
606 3287 761 3362 variaeque
785 3283 918 3345 volucres

179 3393 231 3435 ova
254 3372 460 3452 relinquebant
483 3370 617 3432 exclusae
640 3379 772 3451 tempore
796 3391 900 3454 verno,

106 3482 159 3530 700
179 3462 323 3524 folliculos
346 3468 379 3521 ut
401 3479 480 3521 nunc
502 3461 606 3519 teretis
629 3467 738 3520 aestate
763 3461 878 3521 cicadae

504 3544 565 3611 771
583 3575 624 3597 =
641 3544 711 3611 764.
