2438 3998
155 195 197 261 36
452 218 454 224 ·
640 196 668 250 Π

225 345 321 423 prima
342 351 498 405 moventur
520 345 599 404 enim
621 360 676 421 per
699 360 731 402 se
753 341 915 420 primordia
937 361 1051 424 rerum,

225 431 294 492 inde
317 449 352 491 ea
375 450 450 511 quae
473 450 562 509 parvo
586 438 655 491 sunt
677 448 801 509 corpora
823 430 978 492 conciliatu

157 527 207 577 135
226 526 256 579 et
279 521 363 597 quasi
384 521 519 598 proxima
542 526 610 580 sunt
632 519 668 578 ad
690 520 763 578 viris
785 521 1012 599 principiorum,

225 607 333 667 ictibus
355 607 473 667 illorum
496 609 592 668 caecis
615 606 731 685 inpulsa
753 608 881 687 cientur,

225 698 346 774 ipsaque
369 713 513 775 proporro
536 695 622 775 paulo
645 696 756 754 maiora
779 693 935 755 lacessunt.

226 785 269 843 sic
292 802 308 842 a
330 786 484 863 principiis
507 782 640 844 ascendit
661 790 759 843 motus
782 786 895 843 etexit

224 871 365 950 paulatim
386 880 503 932 nostros
526 871 562 932 ad
586 889 704 951 sensus,
726 877 760 931 ut
782 878 954 931 moveantur

158 968 208 1016 140
226 958 275 1020 illa
298 978 428 1040 quoque,
450 963 482 1020 in
505 959 576 1020 solis
600 977 675 1037 quae
696 958 807 1019 lumine
830 976 953 1019 cernere
977 962 1095 1038 quimus

226 1065 281 1108 nec
304 1047 410 1127 quibus
434 1047 465 1108 id
488 1048 596 1108 iaciant
617 1047 710 1126 plagis
733 1052 854 1126 apparet
876 1055 986 1125 aperte.

270 1135 354 1196 Nunc
377 1154 451 1214 quae
473 1135 621 1195 mobilitas
646 1137 684 1195 sit
706 1134 821 1195 reddita
842 1138 978 1196 materiai

228 1223 414 1304 corporibuS,
435 1225 536 1301 paucis
559 1222 629 1284 licet
650 1223 720 1283 hine
743 1241 934 1304 cognoscere,
956 1223 1082 1285 Memmi.

226 1314 355 1390 primum
378 1329 483 1371 aurora
505 1329 580 1371 novo
604 1328 671 1371 cum
695 1313 807 1389 spargit
828 1311 939 1372 lumine
961 1320 1070 1394 terras,

158 1405 209 1455 146
228 1405 257 1459 et
279 1401 375 1459 variae
398 1399 531 1460 volucres
553 1417 674 1459 nemora
698 1401 760 1458 avia
780 1399 990 1478 pervolitantes

227 1492 294 1548 atra
316 1505 371 1566 per
392 1494 528 1548 tenerum
550 1486 671 1566 liquidis
693 1486 757 1548 loca
779 1487 901 1548 vocibus
924 1488 1056 1570 opplent,

228 1593 315 1653 quam
338 1574 435 1636 subito
459 1575 551 1635 soleat
573 1575 617 1635 sol
640 1582 722 1636 ortus
745 1585 878 1655 tempore
900 1576 952 1636 tali

227 1667 391 1724 convestire
415 1682 467 1724 sua
488 1663 669 1743 perfundens
692 1665 789 1723 omnia
811 1663 890 1745 luce,

228 1752 364 1813 omnibus
386 1754 579 1831 inpromptu
601 1752 847 1830 manifestumque
870 1770 936 1812 esse
958 1754 1100 1814 videmus.

160 1844 210 1892 150
229 1847 257 1899 at
279 1843 417 1919 vaporis
440 1858 527 1920 quem
550 1839 595 1900 sol
617 1842 708 1900 mittit
729 1839 889 1918 lumenque
913 1858 1051 1901 serenum

229 1946 288 1988 non
310 1946 364 2006 per
385 1930 472 1988 inane
494 1935 573 1989 meat
594 1946 731 2009 vacuum3
754 1947 812 2007 quo
835 1928 948 1989 tardius
971 1931 1016 1989 ire

229 2017 355 2095 cogitur,
378 2018 473 2075 aerias
497 2019 581 2094 quasi
603 2017 674 2077 dum
696 2015 863 2076 diverberat
883 2017 992 2098 undas;

229 2121 283 2163 neo
306 2102 475 2181 singillatim
497 2104 671 2183 corpuscula
694 2122 827 2183 quaeque
849 2107 966 2184 vaporis

229 2190 281 2251 scd
304 2191 454 2270 complexa
476 2199 575 2252 meant
596 2195 675 2252 inter
697 2210 730 2252 se
754 2210 868 2270 conque
891 2192 1017 2274 globata3

161 2287 212 2336 155
231 2286 410 2358 quapropter
432 2279 519 2339 simul
541 2282 619 2340 inter
642 2299 674 2340 se
697 2281 888 2341 retrahuntur
911 2288 941 2341 et
963 2289 1045 2342 extra

230 2369 411 2448 officiuntur,
433 2370 477 2428 uti
499 2375 640 2446 cogantur
661 2368 774 2429 tardius
796 2371 849 2429 ire.

229 2464 354 2534 atquae
378 2464 448 2516 sunt
470 2455 562 2515 solida
585 2456 745 2535 primordia
769 2456 969 2539 simplicitate,

230 2562 296 2604 cum
318 2563 372 2622 per
394 2547 481 2604 inane
504 2551 603 2604 meant
624 2562 760 2625 vacuum,
783 2563 838 2606 nec
860 2563 910 2605 res
932 2553 1098 2608 remoratur

229 2631 287 2692 ulla
309 2632 395 2713 loris,
420 2639 507 2710 atque
530 2634 593 2712 ipsa
616 2635 679 2693 suis
702 2650 718 2692 e
740 2633 874 2711 partibus
895 2651 1001 2715 unum,

69 2727 71 2732 ·
161 2728 211 2778 160
229 2738 334 2801 unum,
356 2723 388 2780 in
411 2739 498 2798 quem
521 2739 644 2800 coepere
668 2719 765 2780 locum
788 2723 892 2781 conixa
914 2722 1062 2802 feruntur,

229 2807 349 2888 debent,
371 2810 525 2889 nimirum,
546 2807 725 2888 praecellere
750 2809 912 2870 mobilitate

229 2903 258 2957 et
280 2895 372 2955 multo
395 2898 483 2956 citius
506 2896 579 2956 lorti
601 2914 689 2975 quam
711 2895 823 2958 lumina
846 2897 917 2958 solis

229 2983 439 3062 multiplexque
463 2984 521 3044 loci
544 2987 670 3064 spatium
692 2991 897 3046 transcurrere
919 2986 1023 3046 eodem

228 3079 361 3150 tempore
384 3090 442 3150 quo
466 3070 537 3132 solis
559 3072 731 3152 pervolgant
752 3073 868 3152 fulgura
891 3074 1011 3135 caelum.

652 3180 670 3219 :g

161 3256 210 3306 loo
229 3265 284 3307 nec
307 3251 469 3326 persectari
490 3250 652 3327 primordia
675 3249 789 3328 singula
812 3269 958 3332 quaeque,

229 3342 262 3395 ut
284 3335 401 3396 videant
423 3355 480 3416 qua
504 3339 629 3415 quicque
653 3345 772 3416 geratur
795 3356 861 3399 cum
884 3341 1006 3399 ratione.

159 3431 212 3481 165
276 3423 313 3483 At
335 3424 452 3503 quidam
476 3431 578 3485 contra
600 3425 685 3506 baec,
707 3427 803 3504 ignari
825 3429 971 3507 materiai,

229 3519 363 3573 naturam
384 3531 444 3573 non
466 3531 567 3594 posse,
591 3512 678 3573 deum
702 3516 766 3574 sinc
788 3517 923 3597 numine,
945 3524 1049 3576 rentur
