<?xml version="1.0" encoding="UTF-8"?>
<!DOCTYPE html PUBLIC "-//W3C//DTD XHTML 1.0 Transitional//EN"
    "http://www.w3.org/TR/xhtml1/DTD/xhtml1-transitional.dtd">
<html xmlns="http://www.w3.org/1999/xhtml" xml:lang="en" lang="en">
 <head>
  <title>
</title>
<meta http-equiv="Content-Type" content="text/html;charset=utf-8" />
  <meta name='ocr-system' content='tesseract 3.04.00' />
  <meta name='ocr-capabilities' content='ocr_page ocr_carea ocr_par ocr_line ocrx_word'/>
</head>
<body>
  <div class='ocr_page' id='page_1' title='image "./tlucreticarider02carugoog_0245.png"; bbox 0 0 2438 3998; ppageno 0'>
   <div class='ocr_carea' id='block_1_1' title="bbox 103 238 615 307">
    <p class='ocr_par' dir='ltr' id='par_1_1' title="bbox 103 238 615 307">
     <span class='ocr_line' id='line_1_1' title="bbox 103 238 615 307; baseline -0.004 0"><span class='ocrx_word' id='word_1_1' title='bbox 103 242 167 307; x_wconf 85' lang='grc'>156</span> <span class='ocrx_word' id='word_1_2' title='bbox 591 238 615 290; x_wconf 89' lang='lat' dir='ltr'>V</span> 
     </span>
    </p>
   </div>
   <div class='ocr_carea' id='block_1_2' title="bbox 63 383 1118 3641">
    <p class='ocr_par' dir='ltr' id='par_1_2' title="bbox 172 383 1115 642">
     <span class='ocr_line' id='line_1_2' title="bbox 173 383 1115 449; baseline 0 -2"><span class='ocrx_word' id='word_1_3' title='bbox 173 395 203 449; x_wconf 92' lang='lat' dir='ltr'>et</span> <span class='ocrx_word' id='word_1_4' title='bbox 224 385 360 447; x_wconf 92' lang='lat' dir='ltr'>manibus</span> <span class='ocrx_word' id='word_1_5' title='bbox 383 393 477 446; x_wconf 92' lang='lat' dir='ltr'>totum</span> <span class='ocrx_word' id='word_1_6' title='bbox 501 386 613 445; x_wconf 91' lang='lat' dir='ltr'>circum</span> <span class='ocrx_word' id='word_1_7' title='bbox 636 403 668 444; x_wconf 90' lang='lat' dir='ltr'>se</span> <span class='ocrx_word' id='word_1_8' title='bbox 692 392 807 445; x_wconf 91' lang='lat' dir='ltr'>vertere</span> <span class='ocrx_word' id='word_1_9' title='bbox 831 383 953 445; x_wconf 89' lang='lat' dir='ltr'>caelum.</span> <span class='ocrx_word' id='word_1_10' title='bbox 1073 406 1115 447; x_wconf 73' lang='lat' dir='ltr'>ors</span> 
     </span>
     <span class='ocr_line' id='line_1_3' title="bbox 172 473 990 553; baseline -0.005 -17"><span class='ocrx_word' id='word_1_11' title='bbox 172 494 240 536; x_wconf 91' lang='lat' dir='ltr'>nam</span> <span class='ocrx_word' id='word_1_12' title='bbox 264 475 342 553; x_wconf 91' lang='lat' dir='ltr'>quod</span> <span class='ocrx_word' id='word_1_13' title='bbox 364 473 456 534; x_wconf 92' lang='lat' dir='ltr'>multa</span> <span class='ocrx_word' id='word_1_14' title='bbox 479 474 561 533; x_wconf 85' lang='lat' dir='ltr'>luere</span> <span class='ocrx_word' id='word_1_15' title='bbox 584 475 615 533; x_wconf 93' lang='lat' dir='ltr'>in</span> <span class='ocrx_word' id='word_1_16' title='bbox 638 475 727 533; x_wconf 86' lang='lat' dir='ltr'>terris</span> <span class='ocrx_word' id='word_1_17' title='bbox 750 475 864 533; x_wconf 90' lang='lat' dir='ltr'>semina</span> <span class='ocrx_word' id='word_1_18' title='bbox 887 490 990 532; x_wconf 91' lang='lat' dir='ltr'>rerum</span> 
     </span>
     <span class='ocr_line' id='line_1_4' title="bbox 172 561 919 642; baseline -0.004 -19"><span class='ocrx_word' id='word_1_19' title='bbox 172 571 305 642; x_wconf 89' lang='lat' dir='ltr'>tempore</span> <span class='ocrx_word' id='word_1_20' title='bbox 328 581 386 642; x_wconf 89' lang='lat' dir='ltr'>quo</span> <span class='ocrx_word' id='word_1_21' title='bbox 409 564 538 642; x_wconf 92' lang='lat' dir='ltr'>primum</span> <span class='ocrx_word' id='word_1_22' title='bbox 560 561 648 622; x_wconf 92' lang='lat' dir='ltr'>tellus</span> <span class='ocrx_word' id='word_1_23' title='bbox 671 561 807 622; x_wconf 89' lang='lat' dir='ltr'>animalia</span> <span class='ocrx_word' id='word_1_24' title='bbox 831 562 919 641; x_wconf 85' lang='lat' dir='ltr'>ludit,</span> 
     </span>
    </p>

    <p class='ocr_par' dir='ltr' id='par_1_3' title="bbox 102 651 907 729">
     <span class='ocr_line' id='line_1_5' title="bbox 102 651 907 729; baseline -0.012 -10"><span class='ocrx_word' id='word_1_25' title='bbox 102 669 154 719; x_wconf 81' lang='lat'>905</span> <span class='ocrx_word' id='word_1_26' title='bbox 172 651 214 712; x_wconf 90' lang='lat' dir='ltr'>nil</span> <span class='ocrx_word' id='word_1_27' title='bbox 237 659 335 712; x_wconf 90' lang='lat' dir='ltr'>tamen</span> <span class='ocrx_word' id='word_1_28' title='bbox 358 658 404 711; x_wconf 91' lang='lat' dir='ltr'>est</span> <span class='ocrx_word' id='word_1_29' title='bbox 427 652 505 729; x_wconf 77' lang='lat' dir='ltr'>signi</span> <span class='ocrx_word' id='word_1_30' title='bbox 526 651 634 710; x_wconf 83' lang='lat' dir='ltr'>mixtas</span> <span class='ocrx_word' id='word_1_31' title='bbox 656 652 789 728; x_wconf 92' lang='lat' dir='ltr'>potuisse</span> <span class='ocrx_word' id='word_1_32' title='bbox 813 651 907 710; x_wconf 89' lang='lat' dir='ltr'>creari</span> 
     </span>
    </p>

    <p class='ocr_par' dir='ltr' id='par_1_4' title="bbox 102 736 1115 1083">
     <span class='ocr_line' id='line_1_6' title="bbox 102 736 1067 819; baseline -0.001 -20"><span class='ocrx_word' id='word_1_33' title='bbox 102 749 157 799; x_wconf 83' lang='lat'>916</span> <span class='ocrx_word' id='word_1_34' title='bbox 173 743 251 801; x_wconf 89' lang='lat' dir='ltr'>inter</span> <span class='ocrx_word' id='word_1_35' title='bbox 274 758 306 800; x_wconf 84' lang='lat' dir='ltr'>se</span> <span class='ocrx_word' id='word_1_36' title='bbox 329 739 457 819; x_wconf 90' lang='lat' dir='ltr'>pecudes</span> <span class='ocrx_word' id='word_1_37' title='bbox 480 745 688 817; x_wconf 81' lang='lat' dir='ltr'><strong>compactaque</strong></span> <span class='ocrx_word' id='word_1_38' title='bbox 712 736 844 798; x_wconf 92' lang='lat' dir='ltr'>membra</span> <span class='ocrx_word' id='word_1_39' title='bbox 866 739 1067 819; x_wconf 84' lang='lat' dir='ltr'>animantum,</span> 
     </span>
     <span class='ocr_line' id='line_1_7' title="bbox 172 825 1115 908; baseline 0.001 -20"><span class='ocrx_word' id='word_1_40' title='bbox 172 835 328 908; x_wconf 91' lang='lat' dir='ltr'>propterea</span> <span class='ocrx_word' id='word_1_41' title='bbox 347 830 416 907; x_wconf 92' lang='lat' dir='ltr'>quia</span> <span class='ocrx_word' id='word_1_42' title='bbox 435 845 509 906; x_wconf 91' lang='lat' dir='ltr'>quae</span> <span class='ocrx_word' id='word_1_43' title='bbox 523 826 559 886; x_wconf 87' lang='lat' dir='ltr'>de</span> <span class='ocrx_word' id='word_1_44' title='bbox 574 829 663 886; x_wconf 91' lang='lat' dir='ltr'>terris</span> <span class='ocrx_word' id='word_1_45' title='bbox 677 845 755 887; x_wconf 90' lang='lat' dir='ltr'>nunc</span> <span class='ocrx_word' id='word_1_46' title='bbox 770 845 887 906; x_wconf 90' lang='lat' dir='ltr'>quoque</span> <span class='ocrx_word' id='word_1_47' title='bbox 902 825 1115 889; x_wconf 75' lang='lat' dir='ltr'>abundantem</span> 
     </span>
     <span class='ocr_line' id='line_1_8' title="bbox 173 913 943 995; baseline 0 -19"><span class='ocrx_word' id='word_1_48' title='bbox 173 915 331 978; x_wconf 89' lang='lat' dir='ltr'>herbarum</span> <span class='ocrx_word' id='word_1_49' title='bbox 354 934 462 995; x_wconf 86' lang='lat' dir='ltr'>genera</span> <span class='ocrx_word' id='word_1_50' title='bbox 486 933 519 975; x_wconf 87' lang='lat' dir='ltr'>ac</span> <span class='ocrx_word' id='word_1_51' title='bbox 542 915 642 992; x_wconf 83' lang='lat' dir='ltr'>fruges</span> <span class='ocrx_word' id='word_1_52' title='bbox 666 913 844 993; x_wconf 83' lang='lat' dir='ltr'>arbustaque</span> <span class='ocrx_word' id='word_1_53' title='bbox 867 913 943 976; x_wconf 91' lang='lat' dir='ltr'>laeta</span> 
     </span>
     <span class='ocr_line' id='line_1_9' title="bbox 173 1002 960 1083; baseline -0.005 -17"><span class='ocrx_word' id='word_1_54' title='bbox 173 1024 232 1066; x_wconf 90' lang='lat' dir='ltr'>non</span> <span class='ocrx_word' id='word_1_55' title='bbox 255 1012 353 1065; x_wconf 91' lang='lat' dir='ltr'>tamen</span> <span class='ocrx_word' id='word_1_56' title='bbox 376 1007 454 1065; x_wconf 91' lang='lat' dir='ltr'>inter</span> <span class='ocrx_word' id='word_1_57' title='bbox 477 1021 508 1063; x_wconf 89' lang='lat' dir='ltr'>se</span> <span class='ocrx_word' id='word_1_58' title='bbox 531 1010 656 1082; x_wconf 86' lang='lat' dir='ltr'>possunt</span> <span class='ocrx_word' id='word_1_59' title='bbox 678 1002 829 1082; x_wconf 82' lang='lat' dir='ltr'>complexa</span> <span class='ocrx_word' id='word_1_60' title='bbox 853 1005 960 1083; x_wconf 89' lang='lat' dir='ltr'>creari,</span> 
     </span>
    </p>

    <p class='ocr_par' dir='ltr' id='par_1_5' title="bbox 104 1091 962 1171">
     <span class='ocr_line' id='line_1_10' title="bbox 104 1091 962 1171; baseline -0.009 -12"><span class='ocrx_word' id='word_1_61' title='bbox 104 1109 154 1159; x_wconf 87' lang='grc'>919</span> <span class='ocrx_word' id='word_1_62' title='bbox 174 1094 226 1155; x_wconf 90' lang='lat' dir='ltr'>sed</span> <span class='ocrx_word' id='word_1_63' title='bbox 249 1111 297 1154; x_wconf 91' lang='lat' dir='ltr'>res</span> <span class='ocrx_word' id='word_1_64' title='bbox 321 1110 454 1171; x_wconf 90' lang='lat' dir='ltr'>quaeque</span> <span class='ocrx_word' id='word_1_65' title='bbox 478 1109 532 1152; x_wconf 92' lang='lat' dir='ltr'>suo</span> <span class='ocrx_word' id='word_1_66' title='bbox 556 1093 615 1152; x_wconf 92' lang='lat' dir='ltr'>ritu</span> <span class='ocrx_word' id='word_1_67' title='bbox 637 1091 783 1171; x_wconf 80' lang='lat' dir='ltr'>procedit,</span> <span class='ocrx_word' id='word_1_68' title='bbox 807 1099 837 1151; x_wconf 93' lang='lat' dir='ltr'>et</span> <span class='ocrx_word' id='word_1_69' title='bbox 859 1109 962 1151; x_wconf 92' lang='lat' dir='ltr'>omnes</span> 
     </span>
    </p>

    <p class='ocr_par' dir='ltr' id='par_1_6' title="bbox 104 1180 961 1258">
     <span class='ocr_line' id='line_1_11' title="bbox 104 1180 961 1258; baseline 0 -19"><span class='ocrx_word' id='word_1_70' title='bbox 104 1181 288 1242; x_wconf 79' lang='lat' dir='ltr'>921foedere</span> <span class='ocrx_word' id='word_1_71' title='bbox 312 1188 432 1241; x_wconf 90' lang='lat' dir='ltr'>naturae</span> <span class='ocrx_word' id='word_1_72' title='bbox 456 1186 537 1240; x_wconf 90' lang='lat' dir='ltr'>certo</span> <span class='ocrx_word' id='word_1_73' title='bbox 561 1180 732 1240; x_wconf 91' lang='lat' dir='ltr'>discrimina</span> <span class='ocrx_word' id='word_1_74' title='bbox 755 1187 880 1239; x_wconf 88' lang='lat' dir='ltr'>servant.</span> <span class='ocrx_word' id='word_1_75' title='bbox 959 1253 961 1258; x_wconf 67' lang='lat'>,</span> 
     </span>
    </p>

    <p class='ocr_par' dir='ltr' id='par_1_7' title="bbox 174 1267 1113 1522">
     <span class='ocr_line' id='line_1_12' title="bbox 217 1267 1113 1347; baseline 0.003 -18"><span class='ocrx_word' id='word_1_76' title='bbox 217 1270 254 1329; x_wconf 80' lang='lat' dir='ltr'>At</span> <span class='ocrx_word' id='word_1_77' title='bbox 276 1286 369 1347; x_wconf 83' lang='lat' dir='ltr'>genus</span> <span class='ocrx_word' id='word_1_78' title='bbox 391 1268 551 1329; x_wconf 91' lang='lat' dir='ltr'>humanum</span> <span class='ocrx_word' id='word_1_79' title='bbox 574 1267 665 1328; x_wconf 90' lang='lat' dir='ltr'>multo</span> <span class='ocrx_word' id='word_1_80' title='bbox 689 1268 745 1328; x_wconf 87' lang='lat' dir='ltr'>fuit</span> <span class='ocrx_word' id='word_1_81' title='bbox 768 1267 839 1328; x_wconf 92' lang='lat' dir='ltr'>illud</span> <span class='ocrx_word' id='word_1_82' title='bbox 862 1269 893 1327; x_wconf 91' lang='lat' dir='ltr'>in</span> <span class='ocrx_word' id='word_1_83' title='bbox 916 1270 995 1328; x_wconf 86' lang='lat' dir='ltr'>arvis</span> <span class='ocrx_word' id='word_1_84' title='bbox 1072 1292 1113 1332; x_wconf 75' lang='lat'>925</span> 
     </span>
     <span class='ocr_line' id='line_1_13' title="bbox 174 1355 954 1437; baseline -0.004 -19"><span class='ocrx_word' id='word_1_85' title='bbox 174 1358 290 1437; x_wconf 90' lang='lat' dir='ltr'>durius,</span> <span class='ocrx_word' id='word_1_86' title='bbox 313 1364 347 1417; x_wconf 92' lang='lat' dir='ltr'>ut</span> <span class='ocrx_word' id='word_1_87' title='bbox 369 1357 480 1437; x_wconf 83' lang='lat' dir='ltr'>decuit,</span> <span class='ocrx_word' id='word_1_88' title='bbox 503 1355 590 1416; x_wconf 91' lang='lat' dir='ltr'>tellus</span> <span class='ocrx_word' id='word_1_89' title='bbox 614 1356 692 1434; x_wconf 90' lang='lat' dir='ltr'>quod</span> <span class='ocrx_word' id='word_1_90' title='bbox 715 1356 788 1416; x_wconf 92' lang='lat' dir='ltr'>dura</span> <span class='ocrx_word' id='word_1_91' title='bbox 812 1362 954 1436; x_wconf 81' lang='lat' dir='ltr'>creasset,</span> 
     </span>
     <span class='ocr_line' id='line_1_14' title="bbox 175 1443 925 1522; baseline -0.003 -16"><span class='ocrx_word' id='word_1_92' title='bbox 175 1454 205 1506; x_wconf 93' lang='lat' dir='ltr'>et</span> <span class='ocrx_word' id='word_1_93' title='bbox 226 1444 387 1505; x_wconf 88' lang='lat' dir='ltr'>maioribus</span> <span class='ocrx_word' id='word_1_94' title='bbox 410 1451 440 1504; x_wconf 92' lang='lat' dir='ltr'>et</span> <span class='ocrx_word' id='word_1_95' title='bbox 463 1443 565 1504; x_wconf 93' lang='lat' dir='ltr'>solidis</span> <span class='ocrx_word' id='word_1_96' title='bbox 588 1447 680 1522; x_wconf 82' lang='lat' dir='ltr'>magis</span> <span class='ocrx_word' id='word_1_97' title='bbox 704 1443 821 1504; x_wconf 91' lang='lat' dir='ltr'>ossibus</span> <span class='ocrx_word' id='word_1_98' title='bbox 845 1445 925 1504; x_wconf 93' lang='lat' dir='ltr'>intus</span> 
     </span>
    </p>

    <p class='ocr_par' dir='ltr' id='par_1_8' title="bbox 104 1531 939 1614">
     <span class='ocr_line' id='line_1_15' title="bbox 104 1531 939 1614; baseline -0.012 -12"><span class='ocrx_word' id='word_1_99' title='bbox 104 1552 156 1601; x_wconf 79' lang='lat'>915</span> <span class='ocrx_word' id='word_1_100' title='bbox 175 1534 342 1614; x_wconf 86' lang='lat' dir='ltr'>fundatum,</span> <span class='ocrx_word' id='word_1_101' title='bbox 365 1531 468 1593; x_wconf 92' lang='lat' dir='ltr'>validis</span> <span class='ocrx_word' id='word_1_102' title='bbox 491 1539 591 1612; x_wconf 92' lang='lat' dir='ltr'>aptum</span> <span class='ocrx_word' id='word_1_103' title='bbox 614 1550 668 1611; x_wconf 93' lang='lat' dir='ltr'>per</span> <span class='ocrx_word' id='word_1_104' title='bbox 690 1535 803 1592; x_wconf 89' lang='lat' dir='ltr'>viscera</span> <span class='ocrx_word' id='word_1_105' title='bbox 826 1534 939 1612; x_wconf 90' lang='lat' dir='ltr'>nervis,</span> 
     </span>
    </p>

    <p class='ocr_par' dir='ltr' id='par_1_9' title="bbox 104 1621 1115 1966">
     <span class='ocr_line' id='line_1_16' title="bbox 104 1621 1008 1701; baseline -0.002 -19"><span class='ocrx_word' id='word_1_106' title='bbox 104 1631 229 1683; x_wconf 83' lang='lat' dir='ltr'>926nec</span> <span class='ocrx_word' id='word_1_107' title='bbox 252 1621 337 1682; x_wconf 77' lang='lat' dir='ltr'>facile</span> <span class='ocrx_word' id='word_1_108' title='bbox 361 1640 397 1682; x_wconf 85' lang='lat' dir='ltr'>ex</span> <span class='ocrx_word' id='word_1_109' title='bbox 420 1628 504 1682; x_wconf 89' lang='lat' dir='ltr'>aestu</span> <span class='ocrx_word' id='word_1_110' title='bbox 526 1639 581 1681; x_wconf 91' lang='lat' dir='ltr'>nec</span> <span class='ocrx_word' id='word_1_111' title='bbox 604 1621 713 1699; x_wconf 78' lang='lat' dir='ltr'>frigore</span> <span class='ocrx_word' id='word_1_112' title='bbox 737 1621 815 1699; x_wconf 88' lang='lat' dir='ltr'>quod</span> <span class='ocrx_word' id='word_1_113' title='bbox 839 1628 1008 1701; x_wconf 90' lang='lat' dir='ltr'>caperetur,</span> 
     </span>
     <span class='ocr_line' id='line_1_17' title="bbox 174 1707 1115 1787; baseline -0.001 -16"><span class='ocrx_word' id='word_1_114' title='bbox 174 1729 230 1771; x_wconf 90' lang='lat' dir='ltr'>nec</span> <span class='ocrx_word' id='word_1_115' title='bbox 252 1713 379 1771; x_wconf 90' lang='lat' dir='ltr'>novitate</span> <span class='ocrx_word' id='word_1_116' title='bbox 404 1709 463 1770; x_wconf 90' lang='lat' dir='ltr'>cibi</span> <span class='ocrx_word' id='word_1_117' title='bbox 485 1727 540 1770; x_wconf 90' lang='lat' dir='ltr'>nec</span> <span class='ocrx_word' id='word_1_118' title='bbox 563 1709 622 1770; x_wconf 92' lang='lat' dir='ltr'>labi</span> <span class='ocrx_word' id='word_1_119' title='bbox 644 1711 777 1787; x_wconf 90' lang='lat' dir='ltr'>corporis</span> <span class='ocrx_word' id='word_1_120' title='bbox 800 1707 867 1769; x_wconf 92' lang='lat' dir='ltr'>ulla.</span> <span class='ocrx_word' id='word_1_121' title='bbox 1072 1733 1115 1772; x_wconf 81' lang='lat' dir='ltr'>oso</span> 
     </span>
     <span class='ocr_line' id='line_1_18' title="bbox 174 1796 913 1878; baseline -0.004 -19"><span class='ocrx_word' id='word_1_122' title='bbox 174 1798 324 1878; x_wconf 91' lang='lat' dir='ltr'>multaque</span> <span class='ocrx_word' id='word_1_123' title='bbox 347 1817 401 1878; x_wconf 91' lang='lat' dir='ltr'>per</span> <span class='ocrx_word' id='word_1_124' title='bbox 424 1797 537 1858; x_wconf 90' lang='lat' dir='ltr'>caelum</span> <span class='ocrx_word' id='word_1_125' title='bbox 560 1797 630 1858; x_wconf 89' lang='lat' dir='ltr'>solis</span> <span class='ocrx_word' id='word_1_126' title='bbox 654 1796 797 1856; x_wconf 89' lang='lat' dir='ltr'>volventia</span> <span class='ocrx_word' id='word_1_127' title='bbox 821 1796 913 1857; x_wconf 92' lang='lat' dir='ltr'>lustra</span> 
     </span>
     <span class='ocr_line' id='line_1_19' title="bbox 175 1885 887 1966; baseline -0.003 -20"><span class='ocrx_word' id='word_1_128' title='bbox 175 1887 323 1966; x_wconf 83' lang='lat' dir='ltr'>volgivago</span> <span class='ocrx_word' id='word_1_129' title='bbox 346 1889 436 1947; x_wconf 88' lang='lat' dir='ltr'>vitam</span> <span class='ocrx_word' id='word_1_130' title='bbox 459 1885 623 1947; x_wconf 82' lang='lat' dir='ltr'>tractabant</span> <span class='ocrx_word' id='word_1_131' title='bbox 645 1903 726 1945; x_wconf 91' lang='lat' dir='ltr'>more</span> <span class='ocrx_word' id='word_1_132' title='bbox 750 1886 887 1945; x_wconf 87' lang='lat' dir='ltr'>ferarum.</span> 
     </span>
    </p>

    <p class='ocr_par' dir='ltr' id='par_1_10' title="bbox 104 1974 888 2041">
     <span class='ocr_line' id='line_1_20' title="bbox 104 1974 888 2041; baseline -0.01 0"><span class='ocrx_word' id='word_1_133' title='bbox 104 1993 156 2041; x_wconf 83' lang='grc'>999</span> <span class='ocrx_word' id='word_1_134' title='bbox 175 1994 231 2036; x_wconf 89' lang='lat' dir='ltr'>nec</span> <span class='ocrx_word' id='word_1_135' title='bbox 253 1974 392 2036; x_wconf 91' lang='lat' dir='ltr'>robustus</span> <span class='ocrx_word' id='word_1_136' title='bbox 416 1982 480 2035; x_wconf 93' lang='lat' dir='ltr'>erat</span> <span class='ocrx_word' id='word_1_137' title='bbox 501 1977 584 2034; x_wconf 90' lang='lat' dir='ltr'>curvi</span> <span class='ocrx_word' id='word_1_138' title='bbox 607 1974 775 2033; x_wconf 85' lang='lat' dir='ltr'>moderator</span> <span class='ocrx_word' id='word_1_139' title='bbox 797 1975 888 2033; x_wconf 88' lang='lat' dir='ltr'>aratri</span> 
     </span>
    </p>

    <p class='ocr_par' dir='ltr' id='par_1_11' title="bbox 105 2060 1112 2407">
     <span class='ocr_line' id='line_1_21' title="bbox 105 2060 885 2144; baseline -0.003 -22"><span class='ocrx_word' id='word_1_140' title='bbox 105 2071 157 2122; x_wconf 87' lang='lat'>931</span> <span class='ocrx_word' id='word_1_141' title='bbox 175 2066 343 2144; x_wconf 89' lang='lat' dir='ltr'>quisquam,</span> <span class='ocrx_word' id='word_1_142' title='bbox 366 2081 421 2122; x_wconf 91' lang='lat' dir='ltr'>nec</span> <span class='ocrx_word' id='word_1_143' title='bbox 445 2062 538 2123; x_wconf 82' lang='lat' dir='ltr'>scibat</span> <span class='ocrx_word' id='word_1_144' title='bbox 560 2063 639 2122; x_wconf 81' lang='lat' dir='ltr'>terro</span> <span class='ocrx_word' id='word_1_145' title='bbox 662 2060 795 2122; x_wconf 89' lang='lat' dir='ltr'>molirier</span> <span class='ocrx_word' id='word_1_146' title='bbox 817 2079 885 2121; x_wconf 94' lang='lat' dir='ltr'>arva</span> 
     </span>
     <span class='ocr_line' id='line_1_22' title="bbox 175 2147 1112 2228; baseline 0.001 -16"><span class='ocrx_word' id='word_1_147' title='bbox 175 2170 230 2212; x_wconf 88' lang='lat' dir='ltr'>nec</span> <span class='ocrx_word' id='word_1_148' title='bbox 252 2169 326 2211; x_wconf 89' lang='lat' dir='ltr'>nova</span> <span class='ocrx_word' id='word_1_149' title='bbox 349 2150 488 2211; x_wconf 86' lang='lat' dir='ltr'>defodere</span> <span class='ocrx_word' id='word_1_150' title='bbox 510 2152 542 2209; x_wconf 90' lang='lat' dir='ltr'>in</span> <span class='ocrx_word' id='word_1_151' title='bbox 564 2156 674 2209; x_wconf 91' lang='lat' dir='ltr'>terram</span> <span class='ocrx_word' id='word_1_152' title='bbox 697 2149 821 2228; x_wconf 81' lang='lat' dir='ltr'>virgulta</span> <span class='ocrx_word' id='word_1_153' title='bbox 844 2167 939 2227; x_wconf 87' lang='lat' dir='ltr'>neque</span> <span class='ocrx_word' id='word_1_154' title='bbox 964 2147 1032 2209; x_wconf 88' lang='lat' dir='ltr'>altis</span> <span class='ocrx_word' id='word_1_155' title='bbox 1071 2173 1112 2212; x_wconf 79' lang='lat' dir='ltr'>oea</span> 
     </span>
     <span class='ocr_line' id='line_1_23' title="bbox 175 2237 896 2300; baseline -0.003 -1"><span class='ocrx_word' id='word_1_156' title='bbox 175 2238 331 2300; x_wconf 90' lang='lat' dir='ltr'>arboribus</span> <span class='ocrx_word' id='word_1_157' title='bbox 353 2246 468 2298; x_wconf 91' lang='lat' dir='ltr'>veteres</span> <span class='ocrx_word' id='word_1_158' title='bbox 492 2237 629 2298; x_wconf 85' lang='lat' dir='ltr'>decidere</span> <span class='ocrx_word' id='word_1_159' title='bbox 652 2237 768 2299; x_wconf 85' lang='lat' dir='ltr'>lalcibu&#39;</span> <span class='ocrx_word' id='word_1_160' title='bbox 791 2255 896 2297; x_wconf 89' lang='lat' dir='ltr'>ramos.</span> 
     </span>
     <span class='ocr_line' id='line_1_24' title="bbox 175 2324 1085 2407; baseline -0.001 -20"><span class='ocrx_word' id='word_1_161' title='bbox 175 2327 254 2407; x_wconf 89' lang='lat' dir='ltr'>quod</span> <span class='ocrx_word' id='word_1_162' title='bbox 278 2326 322 2387; x_wconf 93' lang='lat' dir='ltr'>sol</span> <span class='ocrx_word' id='word_1_163' title='bbox 345 2333 431 2404; x_wconf 93' lang='lat' dir='ltr'>atque</span> <span class='ocrx_word' id='word_1_164' title='bbox 456 2324 566 2386; x_wconf 92' lang='lat' dir='ltr'>imbres</span> <span class='ocrx_word' id='word_1_165' title='bbox 590 2326 740 2407; x_wconf 90' lang='lat' dir='ltr'>dederant,</span> <span class='ocrx_word' id='word_1_166' title='bbox 763 2326 841 2404; x_wconf 91' lang='lat' dir='ltr'>quod</span> <span class='ocrx_word' id='word_1_167' title='bbox 864 2335 943 2385; x_wconf 91' lang='lat' dir='ltr'>terra</span> <span class='ocrx_word' id='word_1_168' title='bbox 967 2333 1085 2386; x_wconf 91' lang='lat' dir='ltr'>crearat</span> 
     </span>
    </p>

    <p class='ocr_par' dir='ltr' id='par_1_12' title="bbox 104 2413 953 2495">
     <span class='ocr_line' id='line_1_25' title="bbox 104 2413 953 2495; baseline -0.011 -13"><span class='ocrx_word' id='word_1_169' title='bbox 104 2431 156 2482; x_wconf 76' lang='lat'>925</span> <span class='ocrx_word' id='word_1_170' title='bbox 175 2422 279 2494; x_wconf 87' lang='lat' dir='ltr'>sponte</span> <span class='ocrx_word' id='word_1_171' title='bbox 304 2433 369 2495; x_wconf 91' lang='lat' dir='ltr'>sua,</span> <span class='ocrx_word' id='word_1_172' title='bbox 393 2415 464 2474; x_wconf 90' lang='lat' dir='ltr'>satis</span> <span class='ocrx_word' id='word_1_173' title='bbox 487 2414 517 2473; x_wconf 94' lang='lat' dir='ltr'>id</span> <span class='ocrx_word' id='word_1_174' title='bbox 540 2413 673 2492; x_wconf 90' lang='lat' dir='ltr'>placabat</span> <span class='ocrx_word' id='word_1_175' title='bbox 694 2424 813 2494; x_wconf 86' lang='lat' dir='ltr'>pectora</span> <span class='ocrx_word' id='word_1_176' title='bbox 836 2414 953 2473; x_wconf 92' lang='lat' dir='ltr'>donum.</span> 
     </span>
    </p>

    <p class='ocr_par' dir='ltr' id='par_1_13' title="bbox 103 2502 1115 2847">
     <span class='ocr_line' id='line_1_26' title="bbox 103 2502 916 2582; baseline 0 -20"><span class='ocrx_word' id='word_1_177' title='bbox 103 2511 159 2562; x_wconf 85' lang='lat'>936</span> <span class='ocrx_word' id='word_1_178' title='bbox 176 2503 353 2582; x_wconf 80' lang='lat' dir='ltr'>glandiferas</span> <span class='ocrx_word' id='word_1_179' title='bbox 376 2505 454 2562; x_wconf 90' lang='lat' dir='ltr'>inter</span> <span class='ocrx_word' id='word_1_180' title='bbox 478 2502 619 2563; x_wconf 92' lang='lat' dir='ltr'>curabant</span> <span class='ocrx_word' id='word_1_181' title='bbox 642 2520 765 2581; x_wconf 88' lang='lat' dir='ltr'>corpora</span> <span class='ocrx_word' id='word_1_182' title='bbox 789 2520 916 2580; x_wconf 91' lang='lat' dir='ltr'>quercus</span> 
     </span>
     <span class='ocr_line' id='line_1_27' title="bbox 174 2590 1115 2672; baseline 0.001 -21"><span class='ocrx_word' id='word_1_183' title='bbox 174 2592 363 2672; x_wconf 91' lang='lat' dir='ltr'>plerumque:</span> <span class='ocrx_word' id='word_1_184' title='bbox 385 2597 415 2650; x_wconf 91' lang='lat' dir='ltr'>et</span> <span class='ocrx_word' id='word_1_185' title='bbox 438 2608 512 2669; x_wconf 89' lang='lat' dir='ltr'>quae</span> <span class='ocrx_word' id='word_1_186' title='bbox 535 2609 615 2651; x_wconf 90' lang='lat' dir='ltr'>nunc</span> <span class='ocrx_word' id='word_1_187' title='bbox 636 2590 762 2650; x_wconf 92' lang='lat' dir='ltr'>hiberno</span> <span class='ocrx_word' id='word_1_188' title='bbox 784 2597 916 2669; x_wconf 90' lang='lat' dir='ltr'>tempore</span> <span class='ocrx_word' id='word_1_189' title='bbox 941 2592 1041 2650; x_wconf 90' lang='lat' dir='ltr'>cernis</span> <span class='ocrx_word' id='word_1_190' title='bbox 1072 2613 1115 2652; x_wconf 83' lang='lat' dir='ltr'>sm</span> 
     </span>
     <span class='ocr_line' id='line_1_28' title="bbox 175 2678 779 2759; baseline -0.002 -19"><span class='ocrx_word' id='word_1_191' title='bbox 175 2680 269 2740; x_wconf 92' lang='lat' dir='ltr'>arbita</span> <span class='ocrx_word' id='word_1_192' title='bbox 293 2681 418 2758; x_wconf 91' lang='lat' dir='ltr'>puniceo</span> <span class='ocrx_word' id='word_1_193' title='bbox 442 2680 508 2740; x_wconf 89' lang='lat' dir='ltr'>lieri</span> <span class='ocrx_word' id='word_1_194' title='bbox 530 2687 644 2740; x_wconf 92' lang='lat' dir='ltr'>matura</span> <span class='ocrx_word' id='word_1_195' title='bbox 667 2678 779 2759; x_wconf 90' lang='lat' dir='ltr'>colore,</span> 
     </span>
     <span class='ocr_line' id='line_1_29' title="bbox 173 2765 884 2847; baseline -0.001 -20"><span class='ocrx_word' id='word_1_196' title='bbox 173 2767 299 2847; x_wconf 92' lang='lat' dir='ltr'>plurima</span> <span class='ocrx_word' id='word_1_197' title='bbox 322 2775 384 2828; x_wconf 93' lang='lat' dir='ltr'>tum</span> <span class='ocrx_word' id='word_1_198' title='bbox 407 2767 495 2828; x_wconf 94' lang='lat' dir='ltr'>tellus</span> <span class='ocrx_word' id='word_1_199' title='bbox 519 2771 607 2828; x_wconf 89' lang='lat' dir='ltr'>etiam</span> <span class='ocrx_word' id='word_1_200' title='bbox 630 2769 740 2827; x_wconf 92' lang='lat' dir='ltr'>maiora</span> <span class='ocrx_word' id='word_1_201' title='bbox 762 2765 884 2827; x_wconf 80' lang='lat' dir='ltr'>terebat.</span> 
     </span>
    </p>

    <p class='ocr_par' dir='ltr' id='par_1_14' title="bbox 104 2853 987 2936">
     <span class='ocr_line' id='line_1_30' title="bbox 104 2853 987 2936; baseline -0.008 -15"><span class='ocrx_word' id='word_1_202' title='bbox 104 2873 154 2922; x_wconf 84' lang='lat'>930</span> <span class='ocrx_word' id='word_1_203' title='bbox 173 2855 322 2935; x_wconf 88' lang='lat' dir='ltr'>multaque</span> <span class='ocrx_word' id='word_1_204' title='bbox 345 2864 498 2936; x_wconf 92' lang='lat' dir='ltr'>praeterea</span> <span class='ocrx_word' id='word_1_205' title='bbox 522 2859 635 2916; x_wconf 92' lang='lat' dir='ltr'>novitas</span> <span class='ocrx_word' id='word_1_206' title='bbox 658 2862 721 2915; x_wconf 91' lang='lat' dir='ltr'>tum</span> <span class='ocrx_word' id='word_1_207' title='bbox 744 2855 849 2915; x_wconf 87' lang='lat' dir='ltr'>florida</span> <span class='ocrx_word' id='word_1_208' title='bbox 872 2853 987 2920; x_wconf 83' lang='lat' dir='ltr'>mundi</span> 
     </span>
    </p>

    <p class='ocr_par' dir='ltr' id='par_1_15' title="bbox 103 2942 1114 3199">
     <span class='ocr_line' id='line_1_31' title="bbox 103 2942 941 3025; baseline -0.001 -22"><span class='ocrx_word' id='word_1_209' title='bbox 103 2950 155 3003; x_wconf 78' lang='lat'>941</span> <span class='ocrx_word' id='word_1_210' title='bbox 172 2943 278 3022; x_wconf 93' lang='lat' dir='ltr'>pabula</span> <span class='ocrx_word' id='word_1_211' title='bbox 300 2944 374 3005; x_wconf 92' lang='lat' dir='ltr'>dura</span> <span class='ocrx_word' id='word_1_212' title='bbox 397 2944 477 3025; x_wconf 88' lang='lat' dir='ltr'>tulit,</span> <span class='ocrx_word' id='word_1_213' title='bbox 500 2946 618 3005; x_wconf 91' lang='lat' dir='ltr'>miseris</span> <span class='ocrx_word' id='word_1_214' title='bbox 641 2942 813 3005; x_wconf 87' lang='lat' dir='ltr'>mortalibus</span> <span class='ocrx_word' id='word_1_215' title='bbox 836 2942 941 3020; x_wconf 92' lang='lat' dir='ltr'>ampla.</span> 
     </span>
     <span class='ocr_line' id='line_1_32' title="bbox 173 3030 1114 3112; baseline 0 -19"><span class='ocrx_word' id='word_1_216' title='bbox 173 3040 203 3093; x_wconf 95' lang='lat' dir='ltr'>at</span> <span class='ocrx_word' id='word_1_217' title='bbox 226 3030 329 3093; x_wconf 92' lang='lat' dir='ltr'>sedare</span> <span class='ocrx_word' id='word_1_218' title='bbox 353 3035 433 3094; x_wconf 90' lang='lat' dir='ltr'>sitim</span> <span class='ocrx_word' id='word_1_219' title='bbox 456 3032 538 3093; x_wconf 81' lang='lat' dir='ltr'>fluvii</span> <span class='ocrx_word' id='word_1_220' title='bbox 561 3033 716 3112; x_wconf 80' lang='lat' dir='ltr'>sontesque</span> <span class='ocrx_word' id='word_1_221' title='bbox 739 3030 897 3110; x_wconf 91' lang='lat' dir='ltr'>vocabant,</span> <span class='ocrx_word' id='word_1_222' title='bbox 1073 3053 1114 3093; x_wconf 69' lang='lat' dir='ltr'>sea</span> 
     </span>
     <span class='ocr_line' id='line_1_33' title="bbox 173 3120 937 3199; baseline -0.003 -18"><span class='ocrx_word' id='word_1_223' title='bbox 173 3127 206 3181; x_wconf 91' lang='lat' dir='ltr'>ut</span> <span class='ocrx_word' id='word_1_224' title='bbox 228 3140 307 3181; x_wconf 93' lang='lat' dir='ltr'>nunc</span> <span class='ocrx_word' id='word_1_225' title='bbox 329 3120 478 3181; x_wconf 88' lang='lat' dir='ltr'>montibus</span> <span class='ocrx_word' id='word_1_226' title='bbox 502 3138 519 3180; x_wconf 88' lang='lat' dir='ltr'>e</span> <span class='ocrx_word' id='word_1_227' title='bbox 542 3122 657 3199; x_wconf 85' lang='lat' dir='ltr'>magnis</span> <span class='ocrx_word' id='word_1_228' title='bbox 681 3120 825 3181; x_wconf 91' lang='lat' dir='ltr'>decursus</span> <span class='ocrx_word' id='word_1_229' title='bbox 850 3121 937 3197; x_wconf 92' lang='lat' dir='ltr'>aquai</span> 
     </span>
    </p>

    <p class='ocr_par' dir='ltr' id='par_1_16' title="bbox 63 3207 876 3288">
     <span class='ocr_line' id='line_1_34' title="bbox 63 3207 876 3288; baseline -0.001 -20"><span class='ocrx_word' id='word_1_230' title='bbox 63 3208 68 3215; x_wconf 85' lang='lat'>&#39;</span> <span class='ocrx_word' id='word_1_231' title='bbox 173 3208 264 3288; x_wconf 81' lang='lat' dir='ltr'>largu’</span> <span class='ocrx_word' id='word_1_232' title='bbox 287 3211 359 3270; x_wconf 93' lang='lat' dir='ltr'>citat</span> <span class='ocrx_word' id='word_1_233' title='bbox 381 3207 438 3268; x_wconf 90' lang='lat' dir='ltr'>late</span> <span class='ocrx_word' id='word_1_234' title='bbox 462 3210 593 3268; x_wconf 89' lang='lat' dir='ltr'>sitientia</span> <span class='ocrx_word' id='word_1_235' title='bbox 617 3207 713 3269; x_wconf 92' lang='lat' dir='ltr'>saecla</span> <span class='ocrx_word' id='word_1_236' title='bbox 737 3208 876 3268; x_wconf 87' lang='lat' dir='ltr'>ferarum.</span> 
     </span>
    </p>

    <p class='ocr_par' dir='ltr' id='par_1_17' title="bbox 102 3294 945 3377">
     <span class='ocr_line' id='line_1_35' title="bbox 102 3294 945 3377; baseline -0.004 -19"><span class='ocrx_word' id='word_1_237' title='bbox 102 3315 154 3364; x_wconf 84' lang='lat'>935</span> <span class='ocrx_word' id='word_1_238' title='bbox 174 3297 300 3377; x_wconf 89' lang='lat' dir='ltr'>denique</span> <span class='ocrx_word' id='word_1_239' title='bbox 324 3303 392 3356; x_wconf 91' lang='lat' dir='ltr'>nota</span> <span class='ocrx_word' id='word_1_240' title='bbox 417 3297 481 3373; x_wconf 86' lang='lat' dir='ltr'>vagi</span> <span class='ocrx_word' id='word_1_241' title='bbox 504 3295 650 3356; x_wconf 87' lang='lat' dir='ltr'>silvestria</span> <span class='ocrx_word' id='word_1_242' title='bbox 673 3294 784 3374; x_wconf 89' lang='lat' dir='ltr'>templa</span> <span class='ocrx_word' id='word_1_243' title='bbox 806 3294 945 3374; x_wconf 90' lang='lat' dir='ltr'>petebant</span> 
     </span>
    </p>

    <p class='ocr_par' dir='ltr' id='par_1_18' title="bbox 101 3382 1118 3641">
     <span class='ocr_line' id='line_1_36' title="bbox 101 3382 952 3464; baseline -0.001 -20"><span class='ocrx_word' id='word_1_244' title='bbox 101 3392 157 3444; x_wconf 78' lang='lat'>946</span> <span class='ocrx_word' id='word_1_245' title='bbox 173 3386 381 3464; x_wconf 78' lang='lat' dir='ltr'>nympharum,</span> <span class='ocrx_word' id='word_1_246' title='bbox 405 3382 512 3463; x_wconf 89' lang='lat' dir='ltr'>quibus</span> <span class='ocrx_word' id='word_1_247' title='bbox 536 3402 552 3444; x_wconf 91' lang='lat' dir='ltr'>e</span> <span class='ocrx_word' id='word_1_248' title='bbox 577 3383 692 3444; x_wconf 90' lang='lat' dir='ltr'>scibant</span> <span class='ocrx_word' id='word_1_249' title='bbox 714 3383 819 3444; x_wconf 86' lang='lat' dir='ltr'>umori&#39;</span> <span class='ocrx_word' id='word_1_250' title='bbox 842 3384 952 3444; x_wconf 87' lang='lat' dir='ltr'>fluenta</span> 
     </span>
     <span class='ocr_line' id='line_1_37' title="bbox 173 3470 1118 3553; baseline 0.003 -20"><span class='ocrx_word' id='word_1_251' title='bbox 173 3472 287 3534; x_wconf 91' lang='lat' dir='ltr'>lubrica</span> <span class='ocrx_word' id='word_1_252' title='bbox 309 3471 442 3551; x_wconf 91' lang='lat' dir='ltr'>proluvie</span> <span class='ocrx_word' id='word_1_253' title='bbox 467 3470 548 3550; x_wconf 78' lang='lat' dir='ltr'>larga</span> <span class='ocrx_word' id='word_1_254' title='bbox 571 3471 668 3532; x_wconf 92' lang='lat' dir='ltr'>lavere</span> <span class='ocrx_word' id='word_1_255' title='bbox 691 3472 790 3532; x_wconf 93' lang='lat' dir='ltr'>umida</span> <span class='ocrx_word' id='word_1_256' title='bbox 817 3491 899 3553; x_wconf 84' lang='lat' dir='ltr'>saxa,</span> <span class='ocrx_word' id='word_1_257' title='bbox 1075 3495 1118 3536; x_wconf 81' lang='lat' dir='ltr'>ooo</span> 
     </span>
     <span class='ocr_line' id='line_1_38' title="bbox 173 3559 906 3641; baseline -0.004 -19"><span class='ocrx_word' id='word_1_258' title='bbox 173 3561 273 3623; x_wconf 90' lang='lat' dir='ltr'>umida</span> <span class='ocrx_word' id='word_1_259' title='bbox 296 3578 381 3641; x_wconf 85' lang='lat' dir='ltr'>saxa,</span> <span class='ocrx_word' id='word_1_260' title='bbox 405 3578 495 3639; x_wconf 90' lang='lat' dir='ltr'>super</span> <span class='ocrx_word' id='word_1_261' title='bbox 518 3561 606 3621; x_wconf 88' lang='lat' dir='ltr'>viridi</span> <span class='ocrx_word' id='word_1_262' title='bbox 629 3559 769 3621; x_wconf 89' lang='lat' dir='ltr'>stillantia</span> <span class='ocrx_word' id='word_1_263' title='bbox 791 3578 906 3640; x_wconf 91' lang='lat' dir='ltr'>musco,</span> 
     </span>
    </p>
   </div>
   <div class='ocr_carea' id='block_1_3' title="bbox 0 0 1224 3998">
    <p class='ocr_par' dir='ltr' id='par_1_19' title="bbox 0 0 1224 3998">
     <span class='ocr_line' id='line_1_39' title="bbox 0 0 1224 3998; baseline 0 0"><span class='ocrx_word' id='word_1_264' title='bbox 0 0 1224 3998; x_wconf 95' lang='lat' dir='ltr'> </span> 
     </span>
    </p>
   </div>
  </div>
 </body>
</html>
