<?xml version="1.0" encoding="UTF-8"?>
<!DOCTYPE html PUBLIC "-//W3C//DTD XHTML 1.0 Transitional//EN"
    "http://www.w3.org/TR/xhtml1/DTD/xhtml1-transitional.dtd">
<html xmlns="http://www.w3.org/1999/xhtml" xml:lang="en" lang="en">
 <head>
  <title>
</title>
<meta http-equiv="Content-Type" content="text/html;charset=utf-8" />
  <meta name='ocr-system' content='tesseract 3.04.00' />
  <meta name='ocr-capabilities' content='ocr_page ocr_carea ocr_par ocr_line ocrx_word'/>
</head>
<body>
  <div class='ocr_page' id='page_1' title='image "./tlucreticarider02carugoog_0279.png"; bbox 0 0 2438 3998; ppageno 0'>
   <div class='ocr_carea' id='block_1_1' title="bbox 147 249 665 320">
    <p class='ocr_par' dir='ltr' id='par_1_1' title="bbox 147 249 665 320">
     <span class='ocr_line' id='line_1_1' title="bbox 147 249 665 320; baseline 0.002 -1"><span class='ocrx_word' id='word_1_1' title='bbox 147 254 212 320; x_wconf 83' lang='lat'>190</span> <span class='ocrx_word' id='word_1_2' title='bbox 626 249 665 306; x_wconf 87' lang='lat' dir='ltr'>Vl</span> 
     </span>
    </p>
   </div>
   <div class='ocr_carea' id='block_1_2' title="bbox 72 397 1158 3212">
    <p class='ocr_par' dir='ltr' id='par_1_2' title="bbox 214 397 969 478">
     <span class='ocr_line' id='line_1_2' title="bbox 214 397 969 478; baseline -0.009 -15"><span class='ocrx_word' id='word_1_3' title='bbox 214 402 263 463; x_wconf 92' lang='lat' dir='ltr'>hic</span> <span class='ocrx_word' id='word_1_4' title='bbox 285 400 337 461; x_wconf 92' lang='lat' dir='ltr'>ubi</span> <span class='ocrx_word' id='word_1_5' title='bbox 358 398 502 478; x_wconf 91' lang='lat' dir='ltr'>percaluit</span> <span class='ocrx_word' id='word_1_6' title='bbox 523 397 713 477; x_wconf 89' lang='lat' dir='ltr'>calefecitque</span> <span class='ocrx_word' id='word_1_7' title='bbox 737 399 835 457; x_wconf 93' lang='lat' dir='ltr'>omnia</span> <span class='ocrx_word' id='word_1_8' title='bbox 858 398 969 458; x_wconf 92' lang='lat' dir='ltr'>circum</span> 
     </span>
    </p>

    <p class='ocr_par' dir='ltr' id='par_1_3' title="bbox 145 482 1083 727">
     <span class='ocr_line' id='line_1_3' title="bbox 145 482 1083 568; baseline -0.017 -10"><span class='ocrx_word' id='word_1_9' title='bbox 145 507 197 557; x_wconf 81' lang='grc'>080</span> <span class='ocrx_word' id='word_1_10' title='bbox 215 507 285 550; x_wconf 87' lang='lat' dir='ltr'>saxa</span> <span class='ocrx_word' id='word_1_11' title='bbox 307 488 421 568; x_wconf 87' lang='lat' dir='ltr'>furens,</span> <span class='ocrx_word' id='word_1_12' title='bbox 444 505 501 565; x_wconf 92' lang='lat' dir='ltr'>qua</span> <span class='ocrx_word' id='word_1_13' title='bbox 524 489 679 567; x_wconf 85' lang='lat' dir='ltr'>contingit,</span> <span class='ocrx_word' id='word_1_14' title='bbox 701 493 882 566; x_wconf 86' lang='lat' dir='ltr'>terramque,</span> <span class='ocrx_word' id='word_1_15' title='bbox 904 491 934 544; x_wconf 88' lang='lat' dir='ltr'>et</span> <span class='ocrx_word' id='word_1_16' title='bbox 956 483 991 544; x_wconf 93' lang='lat' dir='ltr'>ab</span> <span class='ocrx_word' id='word_1_17' title='bbox 1016 482 1083 543; x_wconf 88' lang='lat' dir='ltr'>ollis</span> 
     </span>
     <span class='ocr_line' id='line_1_4' title="bbox 215 573 944 653; baseline -0.008 -15"><span class='ocrx_word' id='word_1_18' title='bbox 215 578 345 638; x_wconf 82' lang='lat' dir='ltr'><strong>excussit</strong></span> <span class='ocrx_word' id='word_1_19' title='bbox 366 573 492 636; x_wconf 91' lang='lat' dir='ltr'>calidum</span> <span class='ocrx_word' id='word_1_20' title='bbox 514 575 640 636; x_wconf 85' lang='lat' dir='ltr'>flammis</span> <span class='ocrx_word' id='word_1_21' title='bbox 662 573 811 634; x_wconf 90' lang='lat' dir='ltr'>velocibus</span> <span class='ocrx_word' id='word_1_22' title='bbox 833 576 944 653; x_wconf 84' lang='lat' dir='ltr'>ignem,</span> 
     </span>
     <span class='ocr_line' id='line_1_5' title="bbox 214 661 913 727; baseline -0.007 -2"><span class='ocrx_word' id='word_1_23' title='bbox 214 664 292 727; x_wconf 89' lang='lat' dir='ltr'>tollit</span> <span class='ocrx_word' id='word_1_24' title='bbox 313 682 346 725; x_wconf 90' lang='lat' dir='ltr'>se</span> <span class='ocrx_word' id='word_1_25' title='bbox 369 682 402 724; x_wconf 89' lang='lat' dir='ltr'>ac</span> <span class='ocrx_word' id='word_1_26' title='bbox 424 665 513 724; x_wconf 89' lang='lat' dir='ltr'>rectis</span> <span class='ocrx_word' id='word_1_27' title='bbox 536 666 577 723; x_wconf 87' lang='lat' dir='ltr'>ita</span> <span class='ocrx_word' id='word_1_28' title='bbox 600 661 733 723; x_wconf 90' lang='lat' dir='ltr'>faucibus</span> <span class='ocrx_word' id='word_1_29' title='bbox 756 663 826 723; x_wconf 89' lang='lat' dir='ltr'>eicit</span> <span class='ocrx_word' id='word_1_30' title='bbox 848 661 913 722; x_wconf 92' lang='lat' dir='ltr'>alte.</span> 
     </span>
    </p>

    <p class='ocr_par' dir='ltr' id='par_1_4' title="bbox 145 748 1154 921">
     <span class='ocr_line' id='line_1_6' title="bbox 145 748 1154 830; baseline 0.002 -19"><span class='ocrx_word' id='word_1_31' title='bbox 145 759 201 812; x_wconf 83' lang='grc'>000</span> <span class='ocrx_word' id='word_1_32' title='bbox 216 753 274 814; x_wconf 90' lang='lat' dir='ltr'>fert</span> <span class='ocrx_word' id='word_1_33' title='bbox 295 754 394 830; x_wconf 90' lang='lat' dir='ltr'>itaque</span> <span class='ocrx_word' id='word_1_34' title='bbox 417 751 551 812; x_wconf 88' lang='lat' dir='ltr'>ardorem</span> <span class='ocrx_word' id='word_1_35' title='bbox 574 751 673 830; x_wconf 87' lang='lat' dir='ltr'>longe,</span> <span class='ocrx_word' id='word_1_36' title='bbox 696 750 841 829; x_wconf 89' lang='lat' dir='ltr'>longeque</span> <span class='ocrx_word' id='word_1_37' title='bbox 864 748 991 810; x_wconf 89' lang='lat' dir='ltr'>favillam</span> <span class='ocrx_word' id='word_1_38' title='bbox 1112 771 1154 813; x_wconf 77' lang='lat' dir='ltr'>seo</span> 
     </span>
     <span class='ocr_line' id='line_1_7' title="bbox 215 837 908 921; baseline -0.004 -20"><span class='ocrx_word' id='word_1_39' title='bbox 215 841 329 921; x_wconf 82' lang='lat' dir='ltr'>differt,</span> <span class='ocrx_word' id='word_1_40' title='bbox 352 847 382 900; x_wconf 90' lang='lat' dir='ltr'>et</span> <span class='ocrx_word' id='word_1_41' title='bbox 404 857 503 900; x_wconf 90' lang='lat' dir='ltr'>crassa</span> <span class='ocrx_word' id='word_1_42' title='bbox 525 838 614 900; x_wconf 89' lang='lat' dir='ltr'>volvit</span> <span class='ocrx_word' id='word_1_43' title='bbox 637 837 759 918; x_wconf 89' lang='lat' dir='ltr'>caligine</span> <span class='ocrx_word' id='word_1_44' title='bbox 783 839 908 919; x_wconf 88' lang='lat' dir='ltr'>fumum,</span> 
     </span>
    </p>

    <p class='ocr_par' dir='ltr' id='par_1_5' title="bbox 145 926 1033 1184">
     <span class='ocr_line' id='line_1_8' title="bbox 145 926 928 1007; baseline -0.01 -13"><span class='ocrx_word' id='word_1_45' title='bbox 145 944 196 996; x_wconf 80' lang='grc'>000</span> <span class='ocrx_word' id='word_1_46' title='bbox 216 928 403 1007; x_wconf 79' lang='lat' dir='ltr'>extruditque</span> <span class='ocrx_word' id='word_1_47' title='bbox 426 927 514 988; x_wconf 90' lang='lat' dir='ltr'>simul</span> <span class='ocrx_word' id='word_1_48' title='bbox 536 927 670 988; x_wconf 94' lang='lat' dir='ltr'>mirando</span> <span class='ocrx_word' id='word_1_49' title='bbox 693 926 823 1006; x_wconf 91' lang='lat' dir='ltr'>pondere</span> <span class='ocrx_word' id='word_1_50' title='bbox 846 944 928 1007; x_wconf 82' lang='lat' dir='ltr'>saxa3</span> 
     </span>
     <span class='ocr_line' id='line_1_9' title="bbox 215 1013 988 1094; baseline -0.005 -17"><span class='ocrx_word' id='word_1_51' title='bbox 215 1035 253 1078; x_wconf 94' lang='lat' dir='ltr'>ne</span> <span class='ocrx_word' id='word_1_52' title='bbox 277 1016 393 1078; x_wconf 83' lang='lat' dir='ltr'>dubites</span> <span class='ocrx_word' id='word_1_53' title='bbox 416 1019 487 1094; x_wconf 91' lang='lat' dir='ltr'>quin</span> <span class='ocrx_word' id='word_1_54' title='bbox 509 1015 582 1076; x_wconf 93' lang='lat' dir='ltr'>haec</span> <span class='ocrx_word' id='word_1_55' title='bbox 605 1017 712 1076; x_wconf 92' lang='lat' dir='ltr'>animai</span> <span class='ocrx_word' id='word_1_56' title='bbox 734 1013 851 1075; x_wconf 89' lang='lat' dir='ltr'>turbida</span> <span class='ocrx_word' id='word_1_57' title='bbox 874 1017 914 1074; x_wconf 88' lang='lat' dir='ltr'>sit</span> <span class='ocrx_word' id='word_1_58' title='bbox 935 1015 988 1074; x_wconf 89' lang='lat' dir='ltr'>vis.</span> 
     </span>
     <span class='ocr_line' id='line_1_10' title="bbox 215 1102 1033 1184; baseline -0.005 -19"><span class='ocrx_word' id='word_1_59' title='bbox 215 1112 368 1184; x_wconf 90' lang='lat' dir='ltr'>praeterea</span> <span class='ocrx_word' id='word_1_60' title='bbox 391 1121 493 1182; x_wconf 90' lang='lat' dir='ltr'>magna</span> <span class='ocrx_word' id='word_1_61' title='bbox 516 1122 552 1164; x_wconf 84' lang='lat' dir='ltr'>ex</span> <span class='ocrx_word' id='word_1_62' title='bbox 574 1106 652 1183; x_wconf 85' lang='lat' dir='ltr'>parti</span> <span class='ocrx_word' id='word_1_63' title='bbox 673 1121 754 1163; x_wconf 90' lang='lat' dir='ltr'>mare</span> <span class='ocrx_word' id='word_1_64' title='bbox 776 1104 885 1163; x_wconf 89' lang='lat' dir='ltr'>montis</span> <span class='ocrx_word' id='word_1_65' title='bbox 908 1102 943 1162; x_wconf 96' lang='lat' dir='ltr'>ad</span> <span class='ocrx_word' id='word_1_66' title='bbox 967 1104 1033 1162; x_wconf 92' lang='lat' dir='ltr'>eius</span> 
     </span>
    </p>

    <p class='ocr_par' dir='ltr' id='par_1_6' title="bbox 146 1190 1153 1358">
     <span class='ocr_line' id='line_1_11' title="bbox 146 1190 1153 1270; baseline 0.002 -19"><span class='ocrx_word' id='word_1_67' title='bbox 146 1201 201 1252; x_wconf 86' lang='grc'>005</span> <span class='ocrx_word' id='word_1_68' title='bbox 218 1193 332 1254; x_wconf 80' lang='lat' dir='ltr'>radices</span> <span class='ocrx_word' id='word_1_69' title='bbox 355 1192 464 1270; x_wconf 88' lang='lat' dir='ltr'>frangit</span> <span class='ocrx_word' id='word_1_70' title='bbox 485 1191 592 1252; x_wconf 89' lang='lat' dir='ltr'>fluctus</span> <span class='ocrx_word' id='word_1_71' title='bbox 615 1198 787 1269; x_wconf 84' lang='lat' dir='ltr'>aestumque</span> <span class='ocrx_word' id='word_1_72' title='bbox 809 1190 952 1251; x_wconf 85' lang='lat' dir='ltr'>resorbet.</span> <span class='ocrx_word' id='word_1_73' title='bbox 1113 1211 1153 1253; x_wconf 81' lang='lat' dir='ltr'>eoa</span> 
     </span>
     <span class='ocr_line' id='line_1_12' title="bbox 217 1278 1011 1358; baseline -0.005 -16"><span class='ocrx_word' id='word_1_74' title='bbox 217 1300 254 1342; x_wconf 87' lang='lat' dir='ltr'>ex</span> <span class='ocrx_word' id='word_1_75' title='bbox 275 1280 332 1341; x_wconf 91' lang='lat' dir='ltr'>hoc</span> <span class='ocrx_word' id='word_1_76' title='bbox 354 1297 447 1358; x_wconf 91' lang='lat' dir='ltr'>usque</span> <span class='ocrx_word' id='word_1_77' title='bbox 470 1282 545 1339; x_wconf 92' lang='lat' dir='ltr'>mari</span> <span class='ocrx_word' id='word_1_78' title='bbox 568 1279 725 1358; x_wconf 82' lang='lat' dir='ltr'>speluncae</span> <span class='ocrx_word' id='word_1_79' title='bbox 748 1281 856 1339; x_wconf 88' lang='lat' dir='ltr'>montis</span> <span class='ocrx_word' id='word_1_80' title='bbox 880 1279 915 1339; x_wconf 93' lang='lat' dir='ltr'>ad</span> <span class='ocrx_word' id='word_1_81' title='bbox 938 1278 1011 1339; x_wconf 91' lang='lat' dir='ltr'>altas</span> 
     </span>
    </p>

    <p class='ocr_par' dir='ltr' id='par_1_7' title="bbox 146 1366 1004 1449">
     <span class='ocr_line' id='line_1_13' title="bbox 146 1366 1004 1449; baseline -0.01 -14"><span class='ocrx_word' id='word_1_82' title='bbox 146 1387 198 1435; x_wconf 85' lang='grc'>000</span> <span class='ocrx_word' id='word_1_83' title='bbox 215 1370 392 1449; x_wconf 87' lang='lat' dir='ltr'>perveniunt</span> <span class='ocrx_word' id='word_1_84' title='bbox 413 1366 515 1428; x_wconf 89' lang='lat' dir='ltr'>subter</span> <span class='ocrx_word' id='word_1_85' title='bbox 538 1367 644 1428; x_wconf 81' lang='lat' dir='ltr'>fauces.</span> <span class='ocrx_word' id='word_1_86' title='bbox 681 1367 735 1428; x_wconf 92' lang='lat' dir='ltr'>bac</span> <span class='ocrx_word' id='word_1_87' title='bbox 758 1370 803 1428; x_wconf 93' lang='lat' dir='ltr'>ire</span> <span class='ocrx_word' id='word_1_88' title='bbox 827 1366 1004 1427; x_wconf 81' lang='lat' dir='ltr'>fatendumst</span> 
     </span>
    </p>

    <p class='ocr_par' dir='ltr' id='par_1_8' title="bbox 639 1474 657 1513">
     <span class='ocr_line' id='line_1_14' title="bbox 639 1474 657 1513; baseline 0 -8"><span class='ocrx_word' id='word_1_89' title='bbox 639 1474 657 1513; x_wconf 64' lang='grc'>0</span> 
     </span>
    </p>

    <p class='ocr_par' dir='ltr' id='par_1_9' title="bbox 218 1545 1025 1713">
     <span class='ocr_line' id='line_1_15' title="bbox 218 1545 973 1622; baseline -0.003 -18"><span class='ocrx_word' id='word_1_90' title='bbox 218 1551 248 1604; x_wconf 91' lang='lat' dir='ltr'>et</span> <span class='ocrx_word' id='word_1_91' title='bbox 269 1550 425 1622; x_wconf 88' lang='lat' dir='ltr'>penetrare</span> <span class='ocrx_word' id='word_1_92' title='bbox 448 1545 538 1603; x_wconf 90' lang='lat' dir='ltr'>maris</span> <span class='ocrx_word' id='word_1_93' title='bbox 560 1546 678 1622; x_wconf 90' lang='lat' dir='ltr'>penitus</span> <span class='ocrx_word' id='word_1_94' title='bbox 701 1561 750 1604; x_wconf 90' lang='lat' dir='ltr'>res</span> <span class='ocrx_word' id='word_1_95' title='bbox 773 1545 851 1622; x_wconf 88' lang='lat' dir='ltr'>cogit</span> <span class='ocrx_word' id='word_1_96' title='bbox 873 1551 973 1622; x_wconf 90' lang='lat' dir='ltr'>aperta</span> 
     </span>
     <span class='ocr_line' id='line_1_16' title="bbox 219 1631 1025 1713; baseline -0.001 -22"><span class='ocrx_word' id='word_1_97' title='bbox 219 1639 306 1710; x_wconf 93' lang='lat' dir='ltr'>atque</span> <span class='ocrx_word' id='word_1_98' title='bbox 329 1631 429 1693; x_wconf 87' lang='lat' dir='ltr'>efflare</span> <span class='ocrx_word' id='word_1_99' title='bbox 452 1632 544 1713; x_wconf 85' lang='lat' dir='ltr'>foras,</span> <span class='ocrx_word' id='word_1_100' title='bbox 567 1631 693 1712; x_wconf 92' lang='lat' dir='ltr'>ideoque</span> <span class='ocrx_word' id='word_1_101' title='bbox 716 1631 856 1692; x_wconf 83' lang='lat' dir='ltr'>extollere</span> <span class='ocrx_word' id='word_1_102' title='bbox 879 1631 1025 1692; x_wconf 88' lang='lat' dir='ltr'>flammam</span> 
     </span>
    </p>

    <p class='ocr_par' dir='ltr' id='par_1_10' title="bbox 148 1718 1155 1888">
     <span class='ocr_line' id='line_1_17' title="bbox 148 1718 1155 1798; baseline 0.004 -19"><span class='ocrx_word' id='word_1_103' title='bbox 148 1726 203 1779; x_wconf 91' lang='grc'>700</span> <span class='ocrx_word' id='word_1_104' title='bbox 218 1735 344 1798; x_wconf 86' lang='lat' dir='ltr'>saxaque</span> <span class='ocrx_word' id='word_1_105' title='bbox 368 1719 533 1781; x_wconf 88' lang='lat' dir='ltr'>subiectare</span> <span class='ocrx_word' id='word_1_106' title='bbox 556 1727 586 1780; x_wconf 90' lang='lat' dir='ltr'>et</span> <span class='ocrx_word' id='word_1_107' title='bbox 608 1738 713 1781; x_wconf 92' lang='lat' dir='ltr'>arenae</span> <span class='ocrx_word' id='word_1_108' title='bbox 736 1719 839 1780; x_wconf 88' lang='lat' dir='ltr'>tollere</span> <span class='ocrx_word' id='word_1_109' title='bbox 862 1718 987 1783; x_wconf 86' lang='lat' dir='ltr'>nimbos.</span> <span class='ocrx_word' id='word_1_110' title='bbox 1115 1743 1155 1783; x_wconf 81' lang='lat' dir='ltr'>roo</span> 
     </span>
     <span class='ocr_line' id='line_1_18' title="bbox 219 1810 1016 1888; baseline -0.001 -20"><span class='ocrx_word' id='word_1_111' title='bbox 219 1811 251 1868; x_wconf 93' lang='lat' dir='ltr'>in</span> <span class='ocrx_word' id='word_1_112' title='bbox 274 1825 388 1869; x_wconf 90' lang='lat' dir='ltr'>summo</span> <span class='ocrx_word' id='word_1_113' title='bbox 412 1815 480 1869; x_wconf 89' lang='lat' dir='ltr'>sunt</span> <span class='ocrx_word' id='word_1_114' title='bbox 502 1810 612 1869; x_wconf 85' lang='lat' dir='ltr'>vertice</span> <span class='ocrx_word' id='word_1_115' title='bbox 636 1811 714 1869; x_wconf 94' lang='lat' dir='ltr'>enim</span> <span class='ocrx_word' id='word_1_116' title='bbox 737 1815 878 1888; x_wconf 87' lang='lat' dir='ltr'>crateres,</span> <span class='ocrx_word' id='word_1_117' title='bbox 901 1815 935 1869; x_wconf 92' lang='lat' dir='ltr'>ut</span> <span class='ocrx_word' id='word_1_118' title='bbox 956 1810 1016 1887; x_wconf 89' lang='lat' dir='ltr'>ipsi</span> 
     </span>
    </p>

    <p class='ocr_par' dir='ltr' id='par_1_11' title="bbox 149 1895 1154 2329">
     <span class='ocr_line' id='line_1_19' title="bbox 149 1895 1053 1977; baseline 0 -21"><span class='ocrx_word' id='word_1_119' title='bbox 149 1912 200 1963; x_wconf 80' lang='lat'>695</span> <span class='ocrx_word' id='word_1_120' title='bbox 219 1899 406 1977; x_wconf 83' lang='lat' dir='ltr'>nominitant3</span> <span class='ocrx_word' id='word_1_121' title='bbox 428 1914 483 1956; x_wconf 94' lang='lat' dir='ltr'>nos</span> <span class='ocrx_word' id='word_1_122' title='bbox 506 1896 584 1976; x_wconf 93' lang='lat' dir='ltr'>quod</span> <span class='ocrx_word' id='word_1_123' title='bbox 607 1896 706 1957; x_wconf 90' lang='lat' dir='ltr'>fauces</span> <span class='ocrx_word' id='word_1_124' title='bbox 728 1895 918 1975; x_wconf 89' lang='lat' dir='ltr'>perhibemus</span> <span class='ocrx_word' id='word_1_125' title='bbox 941 1903 971 1957; x_wconf 89' lang='lat' dir='ltr'>et</span> <span class='ocrx_word' id='word_1_126' title='bbox 993 1913 1053 1956; x_wconf 90' lang='lat' dir='ltr'>ora.</span> 
     </span>
     <span class='ocr_line' id='line_1_20' title="bbox 264 1983 1153 2063; baseline 0.002 -19"><span class='ocrx_word' id='word_1_127' title='bbox 264 1984 338 2045; x_wconf 92' lang='lat' dir='ltr'>Sunt</span> <span class='ocrx_word' id='word_1_128' title='bbox 355 1983 466 2063; x_wconf 88' lang='lat' dir='ltr'>aliquot</span> <span class='ocrx_word' id='word_1_129' title='bbox 484 2002 600 2063; x_wconf 90' lang='lat' dir='ltr'>quoque</span> <span class='ocrx_word' id='word_1_130' title='bbox 613 2002 662 2045; x_wconf 92' lang='lat' dir='ltr'>res</span> <span class='ocrx_word' id='word_1_131' title='bbox 677 2002 801 2063; x_wconf 89' lang='lat' dir='ltr'>quarum</span> <span class='ocrx_word' id='word_1_132' title='bbox 814 2002 903 2044; x_wconf 92' lang='lat' dir='ltr'>uuam</span> <span class='ocrx_word' id='word_1_133' title='bbox 917 1984 1017 2045; x_wconf 89' lang='lat' dir='ltr'>dicere</span> <span class='ocrx_word' id='word_1_134' title='bbox 1032 2002 1153 2046; x_wconf 91' lang='lat' dir='ltr'>causam</span> 
     </span>
     <span class='ocr_line' id='line_1_21' title="bbox 219 2071 1088 2155; baseline 0.001 -23"><span class='ocrx_word' id='word_1_135' title='bbox 219 2090 279 2133; x_wconf 89' lang='lat' dir='ltr'>non</span> <span class='ocrx_word' id='word_1_136' title='bbox 302 2075 373 2133; x_wconf 89' lang='lat' dir='ltr'>satis</span> <span class='ocrx_word' id='word_1_137' title='bbox 396 2080 454 2153; x_wconf 85' lang='lat' dir='ltr'>est,</span> <span class='ocrx_word' id='word_1_138' title='bbox 476 2090 578 2133; x_wconf 89' lang='lat' dir='ltr'>verum</span> <span class='ocrx_word' id='word_1_139' title='bbox 600 2072 707 2153; x_wconf 77' lang='lat' dir='ltr'>plume,</span> <span class='ocrx_word' id='word_1_140' title='bbox 730 2071 807 2133; x_wconf 93' lang='lat' dir='ltr'>unde</span> <span class='ocrx_word' id='word_1_141' title='bbox 831 2090 889 2132; x_wconf 93' lang='lat' dir='ltr'>una</span> <span class='ocrx_word' id='word_1_142' title='bbox 911 2079 1010 2132; x_wconf 92' lang='lat' dir='ltr'>tamen</span> <span class='ocrx_word' id='word_1_143' title='bbox 1034 2075 1088 2155; x_wconf 82' lang='lat' dir='ltr'>sit3</span> 
     </span>
     <span class='ocr_line' id='line_1_22' title="bbox 150 2160 1154 2240; baseline 0.007 -21"><span class='ocrx_word' id='word_1_144' title='bbox 150 2168 205 2219; x_wconf 90' lang='grc'>705</span> <span class='ocrx_word' id='word_1_145' title='bbox 221 2178 329 2240; x_wconf 87' lang='lat' dir='ltr'>corpus</span> <span class='ocrx_word' id='word_1_146' title='bbox 351 2167 384 2221; x_wconf 95' lang='lat' dir='ltr'>ut</span> <span class='ocrx_word' id='word_1_147' title='bbox 406 2163 572 2222; x_wconf 83' lang='lat' dir='ltr'>exanimum</span> <span class='ocrx_word' id='word_1_148' title='bbox 595 2161 700 2239; x_wconf 91' lang='lat' dir='ltr'>siquod</span> <span class='ocrx_word' id='word_1_149' title='bbox 722 2160 825 2239; x_wconf 88' lang='lat' dir='ltr'>procul</span> <span class='ocrx_word' id='word_1_150' title='bbox 848 2162 912 2239; x_wconf 90' lang='lat' dir='ltr'>ipse</span> <span class='ocrx_word' id='word_1_151' title='bbox 934 2162 1031 2221; x_wconf 85' lang='lat' dir='ltr'>iacere</span> <span class='ocrx_word' id='word_1_152' title='bbox 1116 2185 1154 2226; x_wconf 80' lang='lat' dir='ltr'>ros</span> 
     </span>
     <span class='ocr_line' id='line_1_23' title="bbox 220 2248 1022 2329; baseline 0 -21"><span class='ocrx_word' id='word_1_153' title='bbox 220 2251 383 2327; x_wconf 91' lang='lat' dir='ltr'>conspicias</span> <span class='ocrx_word' id='word_1_154' title='bbox 406 2249 547 2329; x_wconf 81' lang='lat' dir='ltr'>hominis,</span> <span class='ocrx_word' id='word_1_155' title='bbox 568 2249 602 2308; x_wconf 91' lang='lat' dir='ltr'>fit</span> <span class='ocrx_word' id='word_1_156' title='bbox 624 2256 657 2309; x_wconf 90' lang='lat' dir='ltr'>ut</span> <span class='ocrx_word' id='word_1_157' title='bbox 679 2250 775 2308; x_wconf 92' lang='lat' dir='ltr'>omnis</span> <span class='ocrx_word' id='word_1_158' title='bbox 797 2248 897 2309; x_wconf 89' lang='lat' dir='ltr'>dicere</span> <span class='ocrx_word' id='word_1_159' title='bbox 919 2267 1022 2310; x_wconf 91' lang='lat' dir='ltr'>causas</span> 
     </span>
    </p>

    <p class='ocr_par' dir='ltr' id='par_1_12' title="bbox 151 2336 1068 2594">
     <span class='ocr_line' id='line_1_24' title="bbox 151 2336 848 2417; baseline -0.009 -15"><span class='ocrx_word' id='word_1_160' title='bbox 151 2353 202 2402; x_wconf 82' lang='grc'>700</span> <span class='ocrx_word' id='word_1_161' title='bbox 221 2338 374 2397; x_wconf 87' lang='lat' dir='ltr'>conveniat</span> <span class='ocrx_word' id='word_1_162' title='bbox 396 2336 461 2417; x_wconf 78' lang='lat' dir='ltr'>leti,</span> <span class='ocrx_word' id='word_1_163' title='bbox 484 2337 598 2397; x_wconf 89' lang='lat' dir='ltr'>dicatur</span> <span class='ocrx_word' id='word_1_164' title='bbox 619 2343 653 2396; x_wconf 92' lang='lat' dir='ltr'>ut</span> <span class='ocrx_word' id='word_1_165' title='bbox 674 2336 754 2397; x_wconf 90' lang='lat' dir='ltr'>illius</span> <span class='ocrx_word' id='word_1_166' title='bbox 777 2355 848 2396; x_wconf 90' lang='lat' dir='ltr'>una:</span> 
     </span>
     <span class='ocr_line' id='line_1_25' title="bbox 219 2423 1068 2504; baseline 0 -19"><span class='ocrx_word' id='word_1_167' title='bbox 219 2443 288 2486; x_wconf 92' lang='lat' dir='ltr'>nam</span> <span class='ocrx_word' id='word_1_168' title='bbox 310 2443 406 2503; x_wconf 92' lang='lat' dir='ltr'>neque</span> <span class='ocrx_word' id='word_1_169' title='bbox 430 2442 497 2485; x_wconf 94' lang='lat' dir='ltr'>eum</span> <span class='ocrx_word' id='word_1_170' title='bbox 520 2423 598 2484; x_wconf 88' lang='lat' dir='ltr'>ferro</span> <span class='ocrx_word' id='word_1_171' title='bbox 621 2442 677 2484; x_wconf 91' lang='lat' dir='ltr'>nee</span> <span class='ocrx_word' id='word_1_172' title='bbox 699 2425 808 2503; x_wconf 89' lang='lat' dir='ltr'>frigore</span> <span class='ocrx_word' id='word_1_173' title='bbox 830 2426 948 2485; x_wconf 83' lang='lat' dir='ltr'>vincere</span> <span class='ocrx_word' id='word_1_174' title='bbox 970 2427 1068 2504; x_wconf 90' lang='lat' dir='ltr'>possis</span> 
     </span>
     <span class='ocr_line' id='line_1_26' title="bbox 221 2511 1017 2594; baseline -0.001 -21"><span class='ocrx_word' id='word_1_175' title='bbox 221 2514 369 2573; x_wconf 88' lang='lat' dir='ltr'>interiisse</span> <span class='ocrx_word' id='word_1_176' title='bbox 392 2531 488 2590; x_wconf 93' lang='lat' dir='ltr'>neque</span> <span class='ocrx_word' id='word_1_177' title='bbox 511 2529 528 2570; x_wconf 92' lang='grc'>0</span> <span class='ocrx_word' id='word_1_178' title='bbox 549 2511 653 2571; x_wconf 85' lang='lat' dir='ltr'>morbo</span> <span class='ocrx_word' id='word_1_179' title='bbox 675 2529 770 2591; x_wconf 92' lang='lat' dir='ltr'>neque</span> <span class='ocrx_word' id='word_1_180' title='bbox 793 2512 869 2573; x_wconf 90' lang='lat' dir='ltr'>forte</span> <span class='ocrx_word' id='word_1_181' title='bbox 891 2531 1017 2594; x_wconf 85' lang='lat' dir='ltr'>veneno,</span> 
     </span>
    </p>

    <p class='ocr_par' dir='ltr' id='par_1_13' title="bbox 72 2600 1156 2751">
     <span class='ocr_line' id='line_1_27' title="bbox 72 2600 1156 2680; baseline 0.006 -22"><span class='ocrx_word' id='word_1_182' title='bbox 72 2616 75 2621; x_wconf 91' lang='lat'><em>·</em></span> <span class='ocrx_word' id='word_1_183' title='bbox 151 2607 205 2658; x_wconf 86' lang='lat'>710</span> <span class='ocrx_word' id='word_1_184' title='bbox 219 2619 321 2662; x_wconf 87' lang='lat' dir='ltr'>verum</span> <span class='ocrx_word' id='word_1_185' title='bbox 343 2600 452 2679; x_wconf 90' lang='lat' dir='ltr'>aliquid</span> <span class='ocrx_word' id='word_1_186' title='bbox 476 2617 583 2678; x_wconf 82' lang='lat' dir='ltr'>genere</span> <span class='ocrx_word' id='word_1_187' title='bbox 606 2609 678 2659; x_wconf 80' lang='lat' dir='ltr'>esse¹</span> <span class='ocrx_word' id='word_1_188' title='bbox 695 2619 730 2660; x_wconf 81' lang='lat' dir='ltr'>ex</span> <span class='ocrx_word' id='word_1_189' title='bbox 753 2600 810 2660; x_wconf 94' lang='lat' dir='ltr'>hoc</span> <span class='ocrx_word' id='word_1_190' title='bbox 833 2601 910 2679; x_wconf 92' lang='lat' dir='ltr'>qnod</span> <span class='ocrx_word' id='word_1_191' title='bbox 930 2603 1052 2680; x_wconf 91' lang='lat' dir='ltr'>contigit</span> <span class='ocrx_word' id='word_1_192' title='bbox 1072 2605 1101 2662; x_wconf 93' lang='lat' dir='ltr'>ei</span> <span class='ocrx_word' id='word_1_193' title='bbox 1115 2625 1156 2665; x_wconf 83' lang='lat' dir='ltr'>no</span> 
     </span>
     <span class='ocr_line' id='line_1_28' title="bbox 221 2685 1110 2751; baseline 0.001 -1"><span class='ocrx_word' id='word_1_194' title='bbox 221 2692 339 2751; x_wconf 90' lang='lat' dir='ltr'>scimus.</span> <span class='ocrx_word' id='word_1_195' title='bbox 375 2690 447 2748; x_wconf 91' lang='lat' dir='ltr'>item</span> <span class='ocrx_word' id='word_1_196' title='bbox 468 2690 500 2747; x_wconf 92' lang='lat' dir='ltr'>in</span> <span class='ocrx_word' id='word_1_197' title='bbox 522 2685 623 2747; x_wconf 73' lang='lat' dir='ltr'>miultis</span> <span class='ocrx_word' id='word_1_198' title='bbox 645 2687 701 2748; x_wconf 92' lang='lat' dir='ltr'>hoc</span> <span class='ocrx_word' id='word_1_199' title='bbox 724 2688 812 2748; x_wconf 88' lang='lat' dir='ltr'>rebus</span> <span class='ocrx_word' id='word_1_200' title='bbox 836 2688 934 2750; x_wconf 89' lang='lat' dir='ltr'>dicere</span> <span class='ocrx_word' id='word_1_201' title='bbox 956 2688 1110 2751; x_wconf 90' lang='lat' dir='ltr'>habemus.</span> 
     </span>
    </p>

    <p class='ocr_par' dir='ltr' id='par_1_14' title="bbox 152 2775 1055 3035">
     <span class='ocr_line' id='line_1_29' title="bbox 152 2775 1055 2855; baseline -0.004 -13"><span class='ocrx_word' id='word_1_202' title='bbox 152 2793 202 2844; x_wconf 76' lang='lat'>705</span> <span class='ocrx_word' id='word_1_203' title='bbox 264 2775 349 2837; x_wconf 89' lang='lat' dir='ltr'>Nilus</span> <span class='ocrx_word' id='word_1_204' title='bbox 370 2778 402 2835; x_wconf 91' lang='lat' dir='ltr'>in</span> <span class='ocrx_word' id='word_1_205' title='bbox 425 2782 565 2836; x_wconf 88' lang='lat' dir='ltr'>aestatem</span> <span class='ocrx_word' id='word_1_206' title='bbox 588 2778 696 2836; x_wconf 89' lang='lat' dir='ltr'>crescit</span> <span class='ocrx_word' id='word_1_207' title='bbox 717 2778 887 2855; x_wconf 85' lang='lat' dir='ltr'>campisque</span> <span class='ocrx_word' id='word_1_208' title='bbox 910 2777 1055 2838; x_wconf 89' lang='lat' dir='ltr'>redundat</span> 
     </span>
     <span class='ocr_line' id='line_1_30' title="bbox 221 2863 887 2944; baseline 0 -19"><span class='ocrx_word' id='word_1_209' title='bbox 221 2867 327 2926; x_wconf 89' lang='lat' dir='ltr'>unicus</span> <span class='ocrx_word' id='word_1_210' title='bbox 349 2866 380 2924; x_wconf 93' lang='lat' dir='ltr'>in</span> <span class='ocrx_word' id='word_1_211' title='bbox 403 2864 504 2944; x_wconf 88' lang='lat' dir='ltr'>terris,</span> <span class='ocrx_word' id='word_1_212' title='bbox 527 2863 649 2943; x_wconf 75' lang='lat' dir='ltr'>Aegypti</span> <span class='ocrx_word' id='word_1_213' title='bbox 671 2866 762 2924; x_wconf 93' lang='lat' dir='ltr'>totius</span> <span class='ocrx_word' id='word_1_214' title='bbox 785 2867 887 2925; x_wconf 91' lang='lat' dir='ltr'>amnis.</span> 
     </span>
     <span class='ocr_line' id='line_1_31' title="bbox 221 2951 1032 3035; baseline 0.002 -22"><span class='ocrx_word' id='word_1_215' title='bbox 221 2956 248 3013; x_wconf 92' lang='lat' dir='ltr'>is</span> <span class='ocrx_word' id='word_1_216' title='bbox 270 2955 346 3032; x_wconf 93' lang='lat' dir='ltr'>rigat</span> <span class='ocrx_word' id='word_1_217' title='bbox 367 2952 529 3031; x_wconf 76' lang='lat' dir='ltr'>Aegyptum</span> <span class='ocrx_word' id='word_1_218' title='bbox 552 2951 682 3012; x_wconf 91' lang='lat' dir='ltr'>medium</span> <span class='ocrx_word' id='word_1_219' title='bbox 704 2971 759 3031; x_wconf 91' lang='lat' dir='ltr'>per</span> <span class='ocrx_word' id='word_1_220' title='bbox 781 2970 867 3032; x_wconf 87' lang='lat' dir='ltr'>saepe</span> <span class='ocrx_word' id='word_1_221' title='bbox 891 2952 1032 3035; x_wconf 86' lang='lat' dir='ltr'>calorem,</span> 
     </span>
    </p>

    <p class='ocr_par' dir='ltr' id='par_1_15' title="bbox 152 3040 1158 3212">
     <span class='ocr_line' id='line_1_32' title="bbox 152 3040 1158 3123; baseline 0.006 -23"><span class='ocrx_word' id='word_1_222' title='bbox 152 3048 205 3100; x_wconf 82' lang='lat'>715</span> <span class='ocrx_word' id='word_1_223' title='bbox 222 3048 273 3101; x_wconf 88' lang='lat' dir='ltr'>aut</span> <span class='ocrx_word' id='word_1_224' title='bbox 295 3042 362 3119; x_wconf 90' lang='lat' dir='ltr'>quia</span> <span class='ocrx_word' id='word_1_225' title='bbox 386 3047 455 3100; x_wconf 91' lang='lat' dir='ltr'>sunt</span> <span class='ocrx_word' id='word_1_226' title='bbox 477 3046 586 3100; x_wconf 90' lang='lat' dir='ltr'>aestate</span> <span class='ocrx_word' id='word_1_227' title='bbox 610 3040 762 3119; x_wconf 91' lang='lat' dir='ltr'>aquilones</span> <span class='ocrx_word' id='word_1_228' title='bbox 785 3043 860 3101; x_wconf 92' lang='lat' dir='ltr'>ostia</span> <span class='ocrx_word' id='word_1_229' title='bbox 882 3050 996 3123; x_wconf 89' lang='lat' dir='ltr'>contra,</span> <span class='ocrx_word' id='word_1_230' title='bbox 1117 3066 1158 3107; x_wconf 82' lang='lat' dir='ltr'>ns</span> 
     </span>
     <span class='ocr_line' id='line_1_33' title="bbox 223 3129 970 3212; baseline 0.005 -24"><span class='ocrx_word' id='word_1_231' title='bbox 223 3131 292 3188; x_wconf 94' lang='lat' dir='ltr'>anni</span> <span class='ocrx_word' id='word_1_232' title='bbox 313 3135 446 3207; x_wconf 92' lang='lat' dir='ltr'>tempore</span> <span class='ocrx_word' id='word_1_233' title='bbox 469 3145 504 3188; x_wconf 93' lang='lat' dir='ltr'>eo</span> <span class='ocrx_word' id='word_1_234' title='bbox 528 3129 579 3205; x_wconf 91' lang='lat' dir='ltr'>qui</span> <span class='ocrx_word' id='word_1_235' title='bbox 602 3131 711 3189; x_wconf 86' lang='lat' dir='ltr'>etesiae</span> <span class='ocrx_word' id='word_1_236' title='bbox 734 3147 799 3189; x_wconf 89' lang='lat' dir='ltr'>esse</span> <span class='ocrx_word' id='word_1_237' title='bbox 822 3130 970 3212; x_wconf 87' lang='lat' dir='ltr'>feruntur,</span> 
     </span>
    </p>
   </div>
   <div class='ocr_carea' id='block_1_3' title="bbox 72 3215 1023 3282">
    <p class='ocr_par' dir='ltr' id='par_1_16' title="bbox 72 3215 1023 3282">
     <span class='ocr_line' id='line_1_34' title="bbox 72 3215 1023 3282; baseline -0.004 1"><span class='ocrx_word' id='word_1_238' title='bbox 72 3257 73 3260; x_wconf 61' lang='lat'><em>=</em></span> <span class='ocrx_word' id='word_1_239' title='bbox 153 3223 254 3282; x_wconf 76' lang='grc'><strong><em>71001</em></strong></span> <span class='ocrx_word' id='word_1_240' title='bbox 275 3223 376 3276; x_wconf 94' lang='lat' dir='ltr'>contra</span> <span class='ocrx_word' id='word_1_241' title='bbox 399 3216 519 3277; x_wconf 86' lang='lat' dir='ltr'>flurium</span> <span class='ocrx_word' id='word_1_242' title='bbox 541 3215 646 3277; x_wconf 86' lang='lat' dir='ltr'>flantes</span> <span class='ocrx_word' id='word_1_243' title='bbox 668 3224 855 3278; x_wconf 85' lang='lat' dir='ltr'>remorantur</span> <span class='ocrx_word' id='word_1_244' title='bbox 878 3226 908 3279; x_wconf 88' lang='lat' dir='ltr'>et</span> <span class='ocrx_word' id='word_1_245' title='bbox 930 3219 1023 3280; x_wconf 93' lang='lat' dir='ltr'>undas</span> 
     </span>
    </p>
   </div>
   <div class='ocr_carea' id='block_1_4' title="bbox 154 3304 1161 3653">
    <p class='ocr_par' dir='ltr' id='par_1_17' title="bbox 223 3304 1039 3471">
     <span class='ocr_line' id='line_1_35' title="bbox 223 3304 964 3385; baseline 0.005 -21"><span class='ocrx_word' id='word_1_246' title='bbox 223 3311 361 3383; x_wconf 78' lang='lat' dir='ltr'>cogentes</span> <span class='ocrx_word' id='word_1_247' title='bbox 385 3322 488 3365; x_wconf 89' lang='lat' dir='ltr'>sursus</span> <span class='ocrx_word' id='word_1_248' title='bbox 510 3304 626 3383; x_wconf 89' lang='lat' dir='ltr'>replent</span> <span class='ocrx_word' id='word_1_249' title='bbox 648 3313 813 3385; x_wconf 89' lang='lat' dir='ltr'>coguntque</span> <span class='ocrx_word' id='word_1_250' title='bbox 836 3324 964 3368; x_wconf 88' lang='lat' dir='ltr'>manere.</span> 
     </span>
     <span class='ocr_line' id='line_1_36' title="bbox 223 3391 1039 3471; baseline 0.004 -18"><span class='ocrx_word' id='word_1_251' title='bbox 223 3409 291 3453; x_wconf 93' lang='lat' dir='ltr'>nam</span> <span class='ocrx_word' id='word_1_252' title='bbox 314 3391 403 3452; x_wconf 94' lang='lat' dir='ltr'>dubio</span> <span class='ocrx_word' id='word_1_253' title='bbox 426 3392 529 3471; x_wconf 88' lang='lat' dir='ltr'>procul</span> <span class='ocrx_word' id='word_1_254' title='bbox 551 3392 623 3453; x_wconf 94' lang='lat' dir='ltr'>haec</span> <span class='ocrx_word' id='word_1_255' title='bbox 645 3392 767 3454; x_wconf 90' lang='lat' dir='ltr'>adverso</span> <span class='ocrx_word' id='word_1_256' title='bbox 790 3393 881 3455; x_wconf 88' lang='lat' dir='ltr'>flabra</span> <span class='ocrx_word' id='word_1_257' title='bbox 904 3395 1039 3456; x_wconf 90' lang='lat' dir='ltr'>feruntur</span> 
     </span>
    </p>

    <p class='ocr_par' dir='ltr' id='par_1_18' title="bbox 154 3479 1161 3653">
     <span class='ocr_line' id='line_1_37' title="bbox 154 3479 1161 3562; baseline 0.007 -21"><span class='ocrx_word' id='word_1_258' title='bbox 154 3488 211 3541; x_wconf 80' lang='lat'>720</span> <span class='ocrx_word' id='word_1_259' title='bbox 222 3480 357 3561; x_wconf 88' lang='lat' dir='ltr'>flumine,</span> <span class='ocrx_word' id='word_1_260' title='bbox 380 3498 455 3559; x_wconf 91' lang='lat' dir='ltr'>quae</span> <span class='ocrx_word' id='word_1_261' title='bbox 477 3480 582 3560; x_wconf 85' lang='lat' dir='ltr'>gelidis</span> <span class='ocrx_word' id='word_1_262' title='bbox 605 3479 641 3540; x_wconf 95' lang='lat' dir='ltr'>ab</span> <span class='ocrx_word' id='word_1_263' title='bbox 664 3481 757 3541; x_wconf 89' lang='lat' dir='ltr'>stellis</span> <span class='ocrx_word' id='word_1_264' title='bbox 781 3485 843 3542; x_wconf 84' lang='lat' dir='ltr'>axis</span> <span class='ocrx_word' id='word_1_265' title='bbox 866 3491 1004 3562; x_wconf 83' lang='lat' dir='ltr'>aguntur:</span> <span class='ocrx_word' id='word_1_266' title='bbox 1119 3509 1161 3549; x_wconf 77' lang='lat' dir='ltr'>aso</span> 
     </span>
     <span class='ocr_line' id='line_1_38' title="bbox 223 3567 1004 3653; baseline 0.003 -23"><span class='ocrx_word' id='word_1_267' title='bbox 223 3567 272 3630; x_wconf 92' lang='lat' dir='ltr'>ille</span> <span class='ocrx_word' id='word_1_268' title='bbox 296 3587 332 3630; x_wconf 84' lang='lat' dir='ltr'>ex</span> <span class='ocrx_word' id='word_1_269' title='bbox 355 3569 491 3630; x_wconf 88' lang='lat' dir='ltr'>aestifera</span> <span class='ocrx_word' id='word_1_270' title='bbox 513 3570 592 3648; x_wconf 84' lang='lat' dir='ltr'>parti</span> <span class='ocrx_word' id='word_1_271' title='bbox 613 3571 693 3632; x_wconf 90' lang='lat' dir='ltr'>venit</span> <span class='ocrx_word' id='word_1_272' title='bbox 715 3572 810 3631; x_wconf 91' lang='lat' dir='ltr'>amnis</span> <span class='ocrx_word' id='word_1_273' title='bbox 832 3570 868 3630; x_wconf 96' lang='lat' dir='ltr'>ab</span> <span class='ocrx_word' id='word_1_274' title='bbox 891 3579 1004 3653; x_wconf 84' lang='lat' dir='ltr'>austro,</span> 
     </span>
    </p>
   </div>
   <div class='ocr_carea' id='block_1_5' title="bbox 0 0 1234 3998">
    <p class='ocr_par' dir='ltr' id='par_1_19' title="bbox 0 0 1234 3998">
     <span class='ocr_line' id='line_1_39' title="bbox 0 0 1234 3998; baseline 0 0"><span class='ocrx_word' id='word_1_275' title='bbox 0 0 1234 3998; x_wconf 95' lang='lat' dir='ltr'> </span> 
     </span>
    </p>
   </div>
  </div>
 </body>
</html>
