2438 3998
613 230 652 285 Ν
1077 208 1157 296 119'

132 392 186 442 880
205 395 384 457 sermonem,
407 377 559 457 multoque
583 385 698 439 creatae
723 387 792 440 sunt
814 381 1008 464 priusaures

204 485 291 545 quam
315 484 405 527 sonus
428 475 474 526 est
494 467 620 547 auditus,
644 476 674 528 et
692 470 789 528 omnia
808 467 936 548 denique
955 469 1087 531 membra
1101 492 1141 532 cao

203 561 270 634 ante
294 555 392 635 fuere,
414 562 449 615 ut
471 557 588 635 opinor,
612 574 713 617 eorum
738 575 825 636 quam
848 557 925 617 foret
947 576 1042 619 usust

203 642 280 704 haud
304 645 395 721 igitur
417 650 540 722 potuere
563 643 667 704 utendi
689 663 825 706 crescere
848 663 944 706 causa.

131 746 188 798 840
204 739 233 790 at
256 740 358 793 contra
381 733 516 792 conferre
538 750 628 793 manu
651 735 811 793 certamina
833 751 949 812 pugnae

130 835 184 885 825
203 827 234 880 et
255 819 385 881 lacerare
408 828 489 881 artus
513 821 690 900 foedareque
713 821 845 881 membra
868 840 973 882 cruore

203 915 270 968 ante
292 909 350 969 fuit
370 908 463 969 multo
486 927 574 988 quam
597 908 693 969 lucida
715 908 773 970 tela
795 908 940 991 volarent,
1100 933 1141 974 ua

203 1005 233 1057 et
255 995 360 1057 volnus
382 1000 474 1057 vitare
496 999 580 1076 prius
603 1004 707 1058 natura
730 1000 826 1079 coegit

204 1102 291 1164 quam
314 1085 398 1146 daret
421 1085 568 1146 obiectum
591 1088 704 1164 parmai
726 1084 806 1147 laeva
827 1104 882 1165 per
904 1093 1007 1147 artem.

131 1190 186 1240 845
202 1173 330 1254 scilicet,
355 1181 384 1234 et
406 1174 518 1234 fessum
542 1192 649 1253 corpus
672 1174 810 1235 mandare
834 1177 928 1254 quieti

130 1278 184 1329 830
202 1261 295 1322 multo
318 1264 468 1341 antiquius
492 1268 538 1322 est
560 1281 648 1342 quam
670 1261 740 1323 lecti
762 1262 861 1324 mollia
884 1270 988 1344 strata,

203 1357 233 1410 et
255 1351 358 1411 sedare
382 1352 463 1412 sitim
485 1353 569 1429 prius
591 1359 638 1411 cst
659 1369 747 1430 quam
769 1351 874 1431 pocula
896 1359 1005 1413 natum.
1099 1374 1139 1414 seo

202 1438 274 1500 haec
297 1441 388 1519 igitur
410 1446 535 1517 possunt
557 1439 661 1500 utendi
683 1442 799 1519 cognita
822 1459 909 1501 causa

204 1527 332 1608 caedier,
356 1546 391 1588 ex
411 1545 472 1588 usu
495 1545 569 1607 quae
593 1535 662 1589 sunt
683 1530 802 1608 vitaque
825 1536 950 1608 reperta.

131 1632 189 1684 850
202 1615 250 1676 illa
276 1615 396 1695 quidem
419 1633 554 1676 seorsum
578 1623 647 1676 sunt
670 1618 780 1698 omnia,
804 1635 878 1694 quae
900 1619 984 1695 prius
1008 1619 1072 1695 ipsa

131 1719 184 1771 835
203 1711 270 1764 nata
292 1704 401 1764 dedere
425 1722 495 1765 suae
518 1711 586 1783 post
608 1706 741 1765 notitiam
765 1705 908 1766 utilitatis.

204 1811 261 1870 quo
289 1810 397 1871 genere
419 1795 451 1853 in
474 1795 579 1871 primis
603 1811 708 1854 sensus
731 1800 762 1854 et
783 1792 915 1854 membra
938 1793 1085 1875 videmus;
1098 1817 1137 1857 cas

204 1899 294 1959 quare
317 1883 405 1941 etiam
429 1888 516 1960 atque
540 1883 629 1942 etiam
651 1881 755 1960 procul
778 1889 823 1942 est
846 1888 878 1942 ut
900 1881 1022 1942 credere
1040 1883 1137 1961 possis

203 1969 338 2030 utilitatis
362 1969 399 2030 ob
421 1970 552 2030 officium
574 1972 707 2049 potuisse
731 1972 832 2031 creari.
850 1967 862 2048 ΙΙ
1133 2025 1137 2032 .

247 2057 331 2118 Nunc
354 2060 405 2136 qui
427 2059 478 2118 frat
499 2060 544 2118 uti
565 2076 671 2137 passus
693 2059 827 2137 proferre
851 2076 1005 2140 queamus,
1099 2082 1137 2122 aar

132 2163 184 2213 840
203 2165 270 2207 cum
292 2145 441 2227 volumus,
463 2148 602 2225 varieque
625 2147 725 2207 datum
748 2149 787 2207 sit
808 2146 941 2208 membra
962 2165 1094 2229 movere,

132 2250 189 2301 876
203 2244 233 2294 et
255 2253 330 2313 quae
354 2252 403 2294 res
425 2242 540 2295 tantum
562 2234 618 2294 hoc
641 2237 741 2295 oneris
764 2235 939 2314 protrudere
962 2238 1057 2296 nostri

204 2325 337 2401 corporis
359 2324 498 2405 insuerit,
521 2323 630 2384 dicam:
653 2331 686 2384 tu
708 2325 828 2403 percipe
853 2323 938 2384 dicta.
1098 2348 1138 2388 ssu

203 2411 268 2472 dico
292 2412 389 2471 animo
412 2419 514 2472 nostro
536 2414 666 2491 primum
689 2411 846 2473 simulacra
868 2414 986 2474 meandi

203 2500 337 2560 accidere
360 2506 447 2579 atque
470 2502 600 2560 animum
623 2501 754 2581 pulsare,
776 2508 810 2561 ut
832 2501 960 2562 diximus
984 2509 1059 2562 ante.

131 2604 183 2653 845
202 2588 271 2648 inde
294 2587 428 2648 voluntas
450 2589 495 2648 fit:
518 2607 615 2667 neque
638 2592 717 2650 enim
740 2590 837 2650 facere
860 2591 966 2668 incipit
988 2590 1077 2651 ullam

132 2691 185 2743 881
203 2694 266 2736 rem
290 2678 459 2757 quisquam,
482 2695 577 2756 wem
598 2695 683 2738 mens
705 2678 834 2756 providit
856 2678 927 2758 quid
951 2678 1021 2740 velit
1042 2686 1117 2740 ante.

202 2763 233 2824 id
256 2763 334 2843 quod
357 2765 504 2846 providet,
526 2766 605 2826 illius
629 2768 674 2826 rei
696 2774 810 2826 constat
832 2769 936 2846 imago.
1098 2790 1138 2831 aaa

202 2870 272 2931 crgo
295 2855 409 2914 animus
433 2871 501 2914 oum
523 2872 589 2914 sese
612 2856 653 2915 ita
676 2863 839 2915 commovet
861 2864 895 2916 ut
916 2856 986 2916 velit
1009 2857 1053 2916 ire

202 2943 291 3020 inque
315 2941 412 3022 gredi,
436 2942 504 3002 ferit
526 2941 672 3021 extemplo
696 2961 770 3021 quae
793 2945 824 3003 in
847 2962 970 3022 corpore
993 2951 1068 3024 toto,

130 3046 183 3095 855
201 3048 256 3109 per
278 3029 410 3090 membra
433 3037 521 3109 atque
544 3038 639 3110 artus,
662 3033 770 3091 animai
792 3031 896 3093 dissita
918 3033 962 3092 vis
985 3040 1044 3094 est:

130 3133 188 3184 885
202 3124 233 3178 et
254 3117 368 3179 facilest
391 3119 482 3199 factu,
507 3121 645 3198 quoniam
669 3122 824 3180 coniuncta
847 3128 972 3181 tenetur.

202 3207 271 3268 inde
294 3225 328 3267 ea
349 3225 493 3287 proporro
517 3225 625 3287 corpus
648 3208 730 3290 ferit,
753 3215 840 3288 atque
863 3211 904 3270 ita
926 3216 986 3270 tota
1098 3231 1138 3274 sao

201 3295 341 3374 paulatim
363 3296 456 3357 moles
478 3296 664 3376 protruditur
687 3304 774 3376 atque
798 3305 940 3358 movetur.

201 3392 354 3463 praeterea
376 3392 439 3446 tum
462 3387 587 3445 rarescit
609 3404 726 3464 quoque
749 3405 871 3468 corpus,
894 3394 924 3447 et
946 3391 1010 3467 adr,

129 3486 182 3537 855
202 3472 328 3553 sedicet,
349 3479 384 3534 ut
406 3473 494 3534 debet
516 3476 568 3552 qui
591 3492 710 3553 semper
731 3474 849 3536 mobilis
872 3482 964 3555 extat,

95 3576 102 3587 ’
128 3575 183 3626 891
197 3579 252 3640 per
273 3562 416 3641 patefacta
439 3563 520 3622 venit
542 3570 735 3643 penetratque
758 3563 901 3625 foramina
924 3562 1036 3646 largus,
