2438 3998
599 165 613 219 I
659 150 661 155 .

172 310 281 371 talibus
304 313 337 371 in
359 314 470 393 causis,
492 312 603 373 nedum
625 315 768 374 variantia
790 331 891 374 rerum

171 406 251 460 tanta
275 405 364 478 queat
386 400 487 460 densis
510 403 645 480 rarisque
668 420 704 461 ex
727 400 845 480 ignibus
870 419 944 461 esse.

101 494 156 546 655
172 487 202 547 id
226 505 356 566 quoque:
380 490 407 547 si
429 488 538 548 faciant
560 489 722 549 admixtum
744 488 835 549 rebus
859 491 959 570 inane,

101 575 291 635 6506666661
313 583 455 655 poterunt
476 578 560 654 ignes
583 579 702 656 rarique
726 577 868 657 relinqui3

173 663 225 724 sed
249 665 317 742 quia
339 663 430 724 multa
455 662 512 724 sibi
536 672 662 725 cernunt
685 667 831 726 contraria
854 682 975 725 rursum

172 761 202 811 et
224 751 350 830 fugitant
373 754 405 811 16
427 750 518 812 rebus
541 754 627 812 inane
651 752 819 831 relinquere
842 771 964 833 purum,

171 839 262 899 ardua
285 840 356 900 dum
378 847 528 921 metuunt,
551 842 689 900 amittunt
711 858 780 900 vera
802 842 873 920 viai,

100 933 228 988 660666
251 945 371 989 rursum
394 934 520 988 cernunt
542 936 678 1007 exempto
704 927 794 988 rebus
817 930 898 988 inani

101 1024 153 1073 665
173 1017 271 1075 omnia
294 1015 414 1076 denseri
437 1017 562 1094 fierique
585 1034 621 1075 ex
645 1015 783 1078 omuibus
805 1033 898 1076 cunum

171 1122 293 1184 corpus,
316 1103 358 1163 nil
381 1102 418 1164 ab
442 1122 475 1164 se
498 1104 576 1182 quod
599 1106 694 1182 possit
716 1106 834 1163 mittere
857 1105 978 1183 raptim,

172 1191 293 1252 aestifer
313 1193 391 1270 ignis
414 1194 459 1252 uti
481 1191 581 1251 lumen
604 1194 674 1252 iacit
696 1198 784 1270 atque
807 1209 958 1275 vaporem,

171 1286 204 1340 ut
226 1279 327 1339 videas
350 1297 410 1340 non
433 1297 450 1339 e
473 1281 589 1358 stipatis
612 1277 746 1358 partibus
770 1296 844 1339 esse.

100 1374 156 1425 665
172 1367 251 1446 quod
275 1369 302 1427 si
324 1367 400 1428 forte
423 1366 479 1427 6116
503 1367 628 1427 credunt
650 1370 764 1428 ratione
787 1374 904 1446 potesse

100 1463 152 1512 660
171 1457 249 1534 ignis
273 1457 305 1515 in
329 1461 415 1516 coetu
438 1457 549 1533 stingui
571 1460 745 1534 mutareque
769 1473 890 1536 corpus,

172 1542 298 1624 scilicet,
321 1560 358 1603 ex
380 1541 461 1602 nulla
484 1543 581 1604 facere
604 1542 635 1602 id
658 1545 685 1603 si
707 1550 791 1622 parte
813 1549 982 1624 reparoent,

172 1631 287 1692 occidet
309 1632 344 1691 ad
368 1630 476 1712 611666,
498 1633 530 1690 61
551 1632 675 1711 mirum,
697 1631 830 1691 funditus
853 1629 941 1690 ardor

172 1720 268 1779 omnis
292 1726 322 1779 et
343 1736 360 1782 e
380 1718 441 1779 6116
465 1719 538 1779 11661
561 1736 764 1797 quaecumque
788 1724 939 1778 creantur:

101 1813 157 1865 670
171 1824 239 1867 nam
262 1807 468 1886 quodcumque
492 1809 555 1867 suis
577 1813 723 1867 mutatum
745 1804 854 1866 finibus
878 1807 952 1884 exit,
1070 1817 1109 1857 6⁷⁰

100 1903 151 1951 666
172 1897 312 1955 66611666
335 1896 391 1956 hoc
414 1913 494 1955 mors
517 1900 564 1955 661
589 1894 669 1954 illius
693 1894 771 1973 quod
794 1893 851 1954 fuit
874 1899 949 1952 ante.

171 1983 295 2061 proinde
319 1982 428 2062 aliquid
453 2000 593 2062 superare
616 1988 769 2042 necessest
791 1980 938 2042 incolume
962 1978 1041 2060 ollis,

171 2089 208 2131 ne
232 2069 288 2130 tihi
310 2088 359 2131 666
382 2070 506 2132 redeant
528 2071 564 2131 ad
587 2069 681 2131 nilum
704 2070 836 2130 funditus
860 2086 962 2129 omues

172 2158 208 2218 de
231 2158 352 2237 niloque
374 2165 476 2219 renata
498 2161 628 2237 vigescat
650 2161 734 2238 copia
755 2176 865 2218 rerum.

100 2251 157 2304 676
172 2264 252 2307 6666
275 2248 367 2325 igitur
390 2249 529 2325 quoniam
553 2249 717 2307 certissima
741 2264 865 2325 corpora
889 2244 1031 2325 quaedam
1070 2257 1109 2298 6⁷⁶

101 2343 153 2392 670
173 2342 254 2415 sunt,
278 2353 351 2414 quae
376 2340 551 2395 conservant
573 2341 708 2395 naturam
732 2352 850 2413 semper
873 2333 1009 2412 eandem,

173 2440 298 2500 quorum
322 2421 403 2483 abitu
425 2428 477 2482 aut
499 2422 581 2482 aditu
602 2429 774 2501 mutatoque
798 2421 901 2482 ordine
924 2427 1039 2482 mutant

172 2518 307 2571 naturam
329 2528 378 2572 res
402 2517 432 2570 et
454 2516 630 2570 convertunt
652 2529 775 2589 corpora
799 2527 878 2590 sese,

173 2601 250 2658 scire
272 2597 343 2658 licet
365 2615 425 2657 666
450 2615 516 2658 6666
538 2597 611 2658 haec
634 2600 721 2676 ignea
743 2615 866 2676 corpora
889 2615 998 2658 rerum.

101 2693 158 2745 680
171 2685 214 2745 611
236 2686 362 2746 referret
385 2687 465 2746 enim
489 2685 632 2764 quaedam
655 2686 812 2765 decedere,
836 2683 930 2766 abire,
1071 2698 1111 2738 ⁶8⁰

102 2781 153 2831 675
173 2781 260 2852 atque
283 2773 339 2834 6116
363 2773 505 2854 adtribui,
528 2776 696 2852 mutarique
720 2773 823 2834 ordine
848 2773 1003 2852 quaedam,

173 2864 199 2922 si
220 2868 319 2921 tamen
343 2861 456 2922 ardoris
480 2867 615 2921 naturam
638 2871 744 2922 cuncta
766 2868 916 2922 tenerent:

172 2951 248 3028 ignis
272 2952 352 3009 enim
375 2950 452 3010 foret
475 2949 651 3009 omnimodis
676 2949 881 3028 quodcumque
905 2955 1048 3009 crearent.

171 3055 283 3118 verum,
301 3043 335 3098 61
353 3040 467 3117 opinor,
485 3039 568 3097 itast:
588 3043 656 3098 suut
675 3037 818 3117 quaedam
833 3055 965 3120 corpora,
985 3054 1111 3116 quorum

101 3132 158 3184 665
172 3144 334 3188 concursus
357 3132 455 3185 motus
480 3125 551 3184 ordo
574 3127 707 3204 positura
729 3126 839 3204 figurae
1071 3137 1111 3178 68⁶

101 3221 153 3270 680
172 3214 305 3274 efficiunt
328 3215 418 3294 ignis,
442 3219 612 3292 mutatoque
636 3213 738 3274 ordine
762 3221 877 3275 mutant

172 3308 307 3362 naturam
330 3319 426 3380 neque
451 3308 520 3362 sunt
543 3303 606 3379 igni
629 3302 764 3364 simulata
787 3321 884 3382 neque
907 3302 961 3363 ulli

171 3397 325 3468 praeterea
347 3392 392 3450 rei
416 3407 491 3468 quae
515 3407 639 3469 corpora
661 3392 780 3451 mittere
803 3393 898 3470 possit

172 3477 309 3539 sensibus
333 3485 363 3538 et
386 3485 503 3539 nostros
527 3477 644 3539 adiectu
666 3486 787 3559 tangere
810 3486 914 3540 tactus.

861 3579 898 3631 ᾖ*
