2438 3998
539 236 577 290 Vl
1002 236 1068 312 205

148 381 293 460 lanigeras
316 389 464 462 tamquam
486 383 616 462 pecudes
640 390 669 443 ct
692 382 801 445 bucera
825 383 928 445 saecla.
1015 406 1067 448 naa

59 476 134 529 1235
149 471 237 549 idque
260 469 306 530 vel
329 473 360 530 in
382 473 488 550 primis
511 471 678 532 cumulabat
700 472 803 534 funere
827 474 924 534 luuus.
1014 497 1066 536 aser

60 575 129 624 1230
148 577 216 619 nam
239 561 417 638 quicumque
442 578 511 620 suos
534 557 697 638 fugitabant
719 563 815 621 visere
839 562 874 622 ad
898 579 1015 643 aegros,

148 649 218 707 vitai
240 649 364 708 nimium
388 647 510 727 cupidos
533 651 697 727 mortisque
720 651 854 709 timentis

148 735 287 815 poenibat
308 735 395 815 paulo
418 743 486 815 post
507 739 589 815 turpi
611 743 706 797 morte
729 737 876 818 malaque,
1015 761 1067 800 nco

149 825 295 904 desertoS,
319 827 383 903 opis
408 827 550 904 expertis,
573 827 688 885 incuria
711 834 849 886 mactans.

58 919 132 970 1240
150 915 201 991 qui
224 913 339 973 lucrant
362 920 459 973 autem
481 921 613 994 praesto,
636 913 808 992 contagibus
831 913 913 974 ibant

60 1018 130 1067 1235
150 1008 237 1078 atque
260 999 373 1081 labore,
395 1001 492 1080 pudor
514 1019 602 1080 quem
625 1009 688 1062 tum
712 1001 834 1080 cogebat
856 1001 939 1062 obira

149 1088 313 1167 blandaque
336 1088 480 1150 lassorum
503 1108 558 1149 vor
580 1092 672 1150 mixta
694 1108 765 1150 voce
789 1090 945 1169 querellae.
1014 1115 1068 1154 1244

149 1179 278 1254 optimus
301 1177 356 1237 boc
379 1176 431 1238 leti
454 1195 546 1256 genus
570 1197 640 1257 ergo
664 1181 789 1257 quisque
813 1176 938 1239 subibat.
1014 1202 1067 1242 mc

150 1262 161 1345 l
555 1287 572 1322 a

61 1361 136 1413 1245
150 1357 239 1433 inque
262 1353 328 1415 aliis
351 1353 440 1414 alium
462 1353 604 1434 populum
626 1355 751 1434 sepelire
775 1373 896 1416 snorum

151 1449 309 1503 certantes:
333 1442 463 1503 lacrimis
485 1443 556 1503 lassi
578 1442 718 1523 luctuque
741 1443 889 1504 redibant:

61 1547 132 1597 1110
150 1531 218 1591 inde
241 1529 348 1592 bonam
370 1539 484 1610 partem
507 1534 538 1591 in
561 1531 669 1592 lectum
692 1550 824 1593 maerore
848 1531 1000 1592 dabantur.

149 1638 205 1679 nec
218 1626 334 1698 poterat
348 1621 503 1698 quisquam
517 1623 652 1699 reperiri,
666 1638 755 1698 quem
769 1639 865 1699 neque
879 1619 1001 1680 morbus
1014 1642 1066 1682 ruo

151 1726 205 1767 nec
227 1726 308 1767 mors
331 1726 386 1768 uec
408 1707 505 1768 luctus
527 1715 684 1786 temptaret
706 1716 839 1788 tempore
861 1708 921 1768 tali.
940 1701 950 1785 ll

61 1803 139 1855 1250
196 1795 351 1857 Praeterea
373 1798 432 1856 iam
454 1803 555 1874 pastor
577 1804 607 1856 et
629 1799 824 1857 armentarius
848 1799 943 1857 omnis

151 1891 181 1944 et
202 1883 342 1944 robustus
364 1887 436 1943 item
459 1887 542 1944 curvi
563 1884 731 1945 moderator
753 1887 844 1945 aratri

62 1987 132 2038 1145
151 1972 320 2053 languebat,
341 1975 519 2051 penitusque
543 1991 610 2033 casa
633 1981 771 2034 contrusa
792 1971 927 2034 iacebant

152 2079 275 2140 corpora
296 2068 468 2140 paupertate
493 2069 522 2120 et
543 2060 646 2121 morbo
669 2062 767 2121 dedita
790 2064 886 2122 morti.
1014 2083 1065 2124 issa

152 2151 294 2210 exanimis
316 2151 418 2228 pueris
442 2166 531 2228 super
554 2152 717 2210 exanimata
738 2158 893 2228 parentum

63 2244 138 2297 1255
151 2256 274 2316 corpora
296 2255 516 2316 nonnumquam
538 2255 642 2316 posses
665 2245 803 2316 retroque
826 2238 935 2298 ridere.

153 2326 296 2387 matribus
319 2332 348 2386 et
369 2326 502 2404 patribus
525 2333 609 2386 natos
632 2343 723 2405 super
746 2326 833 2387 edere
855 2329 952 2386 vitam.

64 2432 134 2482 1250
151 2433 207 2476 uec
229 2416 380 2475 minimam
403 2421 517 2492 partem
540 2432 575 2474 er
599 2417 677 2493 agris
699 2416 725 2475 is
748 2433 865 2476 maeror
887 2417 918 2475 in
941 2414 1046 2476 urbem

153 2503 306 2581 confluxit,
328 2501 470 2580 languens
493 2520 581 2581 quem
604 2503 729 2564 contulit
751 2502 943 2582 agricolarum
1014 2527 1067 2566 reso

153 2594 235 2671 copia
258 2593 435 2651 conveniens
459 2609 495 2651 ex
518 2594 598 2651 omni
620 2591 753 2651 morbida
775 2599 867 2670 parte.

63 2687 138 2740 1260
151 2681 248 2740 omnia
271 2678 447 2758 conplebant
468 2678 532 2739 loca
553 2687 702 2761 tectaque;
726 2698 784 2758 quo
807 2681 900 2757 magis
923 2687 1021 2741 aestus

556 2786 575 2825 ιιι

152 2856 299 2917 consertos
322 2858 363 2915 ita
385 2857 542 2916 acervatim
564 2874 643 2915 mors
667 2855 876 2916 accumulabat.

65 2959 133 3012 1155
152 2944 243 3005 multa
266 2945 317 3005 siti
338 2950 486 3021 protracta
508 2946 584 3003 viam
606 2962 661 3023 per
683 2962 796 3023 proque
819 2943 916 3003 voluta

153 3051 276 3112 corpora
299 3031 407 3092 silanos
431 3031 467 3092 ad
490 3050 632 3110 aquarum
656 3039 746 3093 strata
768 3031 903 3093 iacebant
1014 3053 1067 3095 nos

152 3120 313 3182 interclusa
335 3122 432 3180 anima
454 3122 545 3181 nimia
568 3118 604 3180 ab
628 3120 781 3181 dulcedine
805 3138 960 3200 aquarum,

64 3216 140 3269 1265
153 3208 302 3288 multaque
325 3227 379 3287 per
401 3208 503 3287 populi
524 3211 635 3287 passim
658 3209 721 3270 loca
743 3216 879 3288 prompta
902 3211 1021 3287 viasque

40 3292 43 3299 ’
152 3298 289 3376 languida
311 3300 471 3357 semanimo
495 3315 563 3357 cum
585 3315 708 3376 corpore
730 3296 862 3358 membra
884 3297 1001 3357 videres

65 3403 134 3454 1260
152 3385 271 3447 horrida
293 3385 420 3464 paedore
443 3392 473 3446 et
494 3387 599 3463 pannis
623 3394 760 3465 cooperta
782 3388 895 3465 perire,

152 3467 162 3558 ll
175 3474 308 3553 corporis
330 3471 452 3554 inluvie,
474 3473 545 3552 pelli
568 3492 657 3552 super
680 3474 797 3535 ossibus
819 3493 890 3554 una,
908 3470 918 3552 ΙΙ
1016 3497 1068 3536 nro

152 3562 301 3624 ulceribus
324 3564 426 3623 taetris
448 3580 540 3641 prope
563 3564 622 3622 iam
645 3563 784 3642 sordique
808 3562 929 3641 sepulta.
