2438 3998
154 241 197 307 98
636 239 675 295 IV

155 405 189 455 co
206 394 362 450 nascentes
383 389 518 469 mittunt,
540 390 664 448 etitem
687 406 754 449 cum
777 387 890 449 lubrica
913 405 1036 466 serpens

208 477 290 538 exuit
310 478 342 537 in
366 477 459 555 spinis
481 482 607 536 restem:
629 494 697 537 nam
720 494 807 555 saepe
830 476 963 536 ridemus

155 581 192 631 60
208 564 325 624 illarum
347 562 450 642 spoliis
472 581 578 643 vepres
600 563 790 625 volitantibus
812 571 926 624 auctas:

208 671 283 731 quae
306 654 444 731 quoniam
466 653 553 733 fiunt,
576 655 674 713 tenuis
698 670 813 732 quoque
836 652 925 713 dehet
946 654 1042 730 imago

209 740 244 800 ab
267 739 358 802 rebus
380 742 470 820 mitti,
496 757 609 800 summo
632 742 669 801 de
693 758 816 820 corpore
839 759 948 802 rerum.

156 844 190 894 55
208 846 277 889 nam
299 847 353 889 cur
375 827 551 889 illancadant
572 831 666 908 magis
688 829 725 888 ah
748 828 897 907 rebusque
919 829 1060 889 recedant
1134 850 1162 891 ss

209 934 296 996 quam
318 935 392 995 quae
415 919 512 978 tenvia
535 924 616 998 sunt,
638 916 803 979 hiscendist
824 916 905 978 nulla
926 923 1071 996 potestas:

155 1020 192 1070 65
208 1006 383 1084 praesertim
406 1024 474 1065 cum
496 1006 609 1065 sintin
632 1007 754 1066 summis
778 1023 900 1084 corpora
922 1004 1013 1066 rebus

208 1093 300 1154 multa
322 1095 449 1173 minuta,
472 1095 529 1154 iaci
552 1110 625 1171 quae
648 1096 764 1173 possint
785 1093 888 1154 ordine
911 1092 1016 1154 eodem

210 1199 268 1260 quo
291 1181 401 1242 fuerint
423 1188 453 1241 et
475 1181 579 1241 formai
602 1198 719 1242 serrare
742 1183 878 1261 figuram,

157 1285 191 1334 '10
210 1276 240 1330 et
261 1268 353 1329 multo
376 1270 477 1350 citius,
501 1276 608 1348 quanto
631 1271 729 1330 minus
752 1269 921 1348 indupediri

209 1376 302 1437 pauca
324 1363 437 1435 queunt
458 1364 488 1417 et
509 1373 587 1435 quae
611 1364 680 1418 sunt
701 1359 798 1436 prima
819 1358 915 1418 fronte
938 1357 1040 1419 locata.

157 1461 193 1511 70
210 1462 278 1505 nam
301 1451 381 1504 certe
403 1447 499 1505 iacere
523 1463 556 1506 ac
578 1444 792 1524 largirimulta
816 1445 962 1526 ridemus,

209 1551 270 1594 uon
293 1532 389 1593 solum
411 1551 447 1593 ex
470 1532 527 1593 alto
550 1535 739 1613 penitusque,
762 1541 796 1594 ut
818 1533 945 1594 diximus
967 1541 1049 1615 ante,

210 1639 313 1682 rerum
336 1620 372 1682 de
396 1623 518 1682 summis
541 1623 638 1700 ipsum
661 1639 778 1701 quoque
801 1640 889 1700 saepe
911 1621 1048 1683 colorem.

158 1725 191 1775 ‘15
211 1717 241 1771 et
263 1709 346 1788 volgo
369 1709 480 1770 faciunt
502 1710 532 1770 id
555 1709 634 1770 lutea
656 1728 799 1789 russaque
821 1709 885 1771 vela

211 1805 241 1859 et
263 1799 425 1877 ferrugina,
449 1817 516 1858 cum
538 1799 652 1877 magnis
675 1800 787 1859 intenta
809 1798 933 1859 theatris

158 1900 264 1965 75pe1·
285 1885 378 1946 malos
400 1885 514 1964 volgata
536 1886 693 1964 trabesque
716 1888 872 1947 trementia
894 1886 1012 1947 llutant:

211 1991 337 2052 namque
359 1973 401 2034 ihi
425 1992 598 2035 consessum
620 1976 719 2035 caveai
741 1981 842 2053 supter
865 1981 896 2034 et
917 1992 1033 2035 omnem

212 2064 328 2123 scaenai
351 2063 479 2140 speciem
500 2061 619 2123 Parium
642 2079 828 2140 marmorque
851 2062 974 2123 deorum

158 2166 193 2215 80
211 2151 348 2210 inficiunt
370 2157 534 2228 coguntque
559 2167 612 2209 suo
635 2149 750 2211 lluitare
773 2150 885 2212 colore:

212 2245 242 2299 et
265 2244 372 2318 quanto
396 2239 507 2298 circum
530 2255 613 2315 mage
637 2246 706 2298 sunt
722 2240 763 2298 ita
787 2236 883 2299 clausa
906 2238 1015 2299 theatri

158 2342 196 2394 80
212 2329 342 2406 moenia,
364 2332 423 2385 tam
446 2327 539 2402 magis
562 2325 617 2385 hoo
640 2326 719 2386 intus
741 2327 861 2405 perlusa
883 2325 983 2405 lepore

212 2417 310 2475 omnia
333 2412 645 2493 conrident-correpta
666 2412 733 2474 luce
756 2413 824 2475 diei.

212 2520 282 2581 crgo
304 2501 395 2565 lintea
418 2501 592 2561 desummo
616 2520 683 2561 cum
706 2519 829 2580 corpore
853 2503 952 2562 lucum

159 2605 193 2655 85
212 2593 346 2670 mittunt,
368 2589 480 2667 effigias
503 2606 620 2668 quoque
643 2588 753 2651 debent
773 2593 891 2651 mittere
913 2593 1009 2651 tenvis
1138 2615 1165 2655 ss

212 2696 263 2739 res
285 2695 430 2757 quaeque,
453 2695 490 2736 cr
512 2695 628 2737 summo
651 2679 790 2757 quoniam
811 2677 976 2739 iaculantur
998 2686 1131 2758 utraque.

158 2783 196 2833 85
213 2773 284 2827 sunt
305 2767 396 2843 igitur
417 2767 475 2825 iam
498 2765 658 2826 formarum
680 2768 804 2845 vestigia
827 2774 920 2849 certa,

213 2872 287 2933 quae
309 2853 394 2931 volgo
416 2852 539 2914 volitant
561 2853 663 2914 subtili
685 2855 817 2934 praedita
840 2854 889 2915 filo

212 2960 268 3003 nec
291 2941 462 3020 singillatim
483 2948 609 3021 possunt
631 2950 744 3003 secreta
766 2943 869 3004 rideri.

160 3045 194 3094 90
212 3037 365 3110 praeterea
387 3032 483 3090 omnis
506 3029 579 3090 odor
601 3030 699 3091 fumus
722 3049 813 3110 vapor
835 3039 922 3110 atque
946 3030 1018 3092 aliae
1041 3049 1090 3091 res
1140 3056 1167 3094 co

214 3117 382 3180 consimiles
405 3118 472 3178 ideo
495 3117 617 3178 dillusae
641 3138 658 3179 e
681 3119 781 3180 rebus,
794 3118 955 3201 abundant,

159 3222 197 3274 90
214 3225 250 3266 ex
273 3205 331 3267 alto
354 3208 423 3284 quia
446 3205 516 3267 dum
538 3209 660 3267 veniunt
682 3209 861 3268 intrinsecus
884 3214 978 3289 ortae,

214 3294 391 3355 scinduntur
413 3313 467 3372 per
490 3297 547 3355 iter
569 3294 691 3375 flexum,
714 3313 769 3356 nec
792 3302 871 3355 recta
894 3297 1008 3356 viarum

215 3384 289 3443 ostia
313 3389 394 3462 suut,
416 3401 473 3461 qua
496 3383 675 3443 contendant
696 3385 777 3444 crire
801 3389 926 3444 coortae.

161 3488 196 3537 95
216 3478 245 3531 at
268 3478 368 3532 contra
391 3473 489 3532 tenuis
513 3473 618 3532 summi
642 3471 812 3531 membrana
835 3470 942 3532 coloris
1143 3494 1167 3534 os

217 3578 284 3620 cum
307 3562 425 3640 iacitur,
448 3559 490 3620 nil
513 3566 559 3620 est
582 3560 660 3638 quod
684 3577 748 3620 eam
771 3559 939 3639 discerpere
961 3561 1068 3642 possit,
