2438 3998
37 177 186 265 ‘ro
636 198 650 251 1

214 353 244 409 at
266 349 405 427 quoniam
427 364 516 427 supra
539 345 627 407 docui
648 344 690 407 nil
712 362 799 424 posse
823 346 919 406 creari

215 434 251 496 de
273 435 333 496 nilo
356 452 452 513 neque
476 433 555 514 quod
578 435 739 513 genitumst
760 432 797 494 ad
819 432 861 493 nil
883 433 1029 514 revocari,

144 530 199 582 545
214 541 280 584 esse
302 522 452 584 inmortali
472 521 634 601 primordia
655 538 778 601 corpore
801 520 922 601 debent,

145 619 196 670 540
215 609 339 674 dissolui
361 628 419 691 quo
442 627 575 690 quaeque
598 627 735 689 supremo
757 616 891 688 tempore
912 611 1040 690 possint,

214 701 353 760 materies
375 705 409 760 ut
431 698 599 778 subpeditet
619 697 710 759 rebus
731 697 910 776 reparandis.

215 793 285 848 sunt
306 789 397 866 igitur
420 785 512 848 solida
534 786 695 866 primordia
718 785 917 865 simplicitate,

215 893 271 936 nec
292 878 406 937 ratione
429 882 541 955 queunt
563 874 620 935 alia
641 881 755 936 servata
776 892 830 952 per
852 891 953 935 aevom

146 970 201 1023 550
217 981 252 1023 ex
275 964 390 1035 infinito
412 965 471 1024 iam
493 970 625 1042 tempore
647 980 697 1024 res
718 979 864 1040 reparare.

146 1057 198 1110 545
216 1069 305 1132 porro
329 1054 355 1113 si
377 1050 486 1114 nullast
507 1051 676 1130 frangendis
698 1049 813 1130 reddita
834 1050 903 1110 finis

218 1140 403 1221 corporibus,
426 1146 526 1200 tamen
548 1157 583 1200 ex
607 1145 726 1200 aeterno
749 1146 880 1217 tempore
903 1156 1034 1217 quaeque

217 1246 295 1289 nunc
317 1231 404 1289 etiam
423 1245 563 1306 superare
585 1233 738 1288 necessest
760 1244 882 1305 corpora
904 1225 1008 1307 rebus,

146 1324 203 1376 580
217 1334 291 1396 quae
312 1315 442 1376 nondum
465 1314 582 1376 clueant
603 1313 662 1375 ullo
685 1321 825 1395 temptata
846 1313 970 1394 periclo:

217 1411 247 1465 at
269 1406 407 1482 quoniam
429 1402 526 1482 fragili
547 1409 654 1465 natura
673 1402 806 1482 praedita
824 1409 971 1484 constant,

147 1500 199 1550 550
218 1491 366 1571 discrepat
388 1498 541 1552 aeternum
561 1498 679 1570 tempus
700 1493 832 1570 potuisse
854 1508 973 1552 manere

148 1587 201 1638 503
217 1578 481 1650 innumerabilibus
503 1578 596 1658 plagis
618 1586 720 1639 vexata
742 1597 797 1658 per
817 1596 927 1640 aevom.

147 1674 199 1727 551
217 1668 344 1748 denique
367 1670 394 1729 si
415 1667 525 1729 nnllam
547 1669 636 1729 finem
658 1674 762 1729 natura
783 1674 917 1746 parasset

218 1757 386 1836 frangendis
408 1756 510 1838 rebus,
533 1759 591 1817 iam
613 1774 737 1836 corpora
758 1757 892 1817 materiai

217 1864 312 1924 nsque
334 1845 453 1906 redacta
474 1845 570 1907 forent
592 1862 662 1906 aevo
685 1844 836 1923 frangente
858 1845 971 1925 priore,

148 1941 200 1990 555
219 1940 252 1994 ut
274 1932 317 1993 nil
339 1952 374 1994 en
397 1933 456 1993 illis
479 1951 495 1992 a
518 1940 599 1994 certo
622 1940 754 2011 tempore
776 1939 877 2012 posset

147 2027 203 2079 555
219 2027 393 2100 conceptum
415 2020 451 2081 ad
474 2039 620 2082 summum
642 2022 745 2082 aetatis
767 2019 928 2099 pervadere
950 2020 1025 2081 finis.

218 2127 286 2168 nam
309 2108 424 2188 quidvis
447 2110 535 2169 citius
558 2108 682 2171 dissolri
700 2126 786 2188 posse
809 2107 942 2169 videmus

220 2214 308 2275 quam
329 2213 432 2256 rursus
454 2196 549 2256 refici:
573 2215 629 2275 qua
651 2203 773 2276 propter
794 2196 880 2275 longa
902 2195 962 2258 diei

219 2286 334 2345 infinita
356 2291 436 2345 aetas
458 2290 527 2349 ante
548 2287 606 2346 acti
627 2287 771 2363 temporis
792 2287 888 2346 omnis

149 2379 201 2428 550
220 2372 298 2452 quod
321 2372 458 2451 fregisset
479 2371 574 2434 adbuc
597 2372 766 2434 disturbans
789 2372 1027 2453 dissoluensque,

150 2468 203 2519 550
219 2477 378 2538 numquam
400 2459 512 2521 relicuo
534 2463 665 2540 reparari
686 2467 823 2541 tempore
841 2468 950 2541 posset
1107 2473 1147 2515 555

220 2556 249 2610 at
271 2566 362 2629 nunc,
384 2550 536 2630 nimirum,
558 2549 712 2627 frangendi
733 2549 848 2611 reddita
868 2550 936 2610 finis

220 2644 301 2698 certa
322 2643 432 2718 manet,
455 2639 592 2716 qnoniam
614 2638 698 2699 refici
719 2655 784 2698 rem
806 2654 952 2717 quamque
974 2636 1106 2699 videmus

220 2732 250 2786 et
272 2725 354 2786 finita
376 2725 464 2786 simul
486 2728 648 2804 generatim
670 2733 803 2804 tempora
824 2726 914 2787 rebus

150 2821 201 2870 555
221 2822 311 2893 stare,
334 2813 441 2894 quibus
462 2816 577 2892 possint
599 2816 663 2875 aevi
685 2816 855 2893 contingere
877 2814 989 2875 florem.

150 2909 205 2961 555
264 2896 351 2984 ΗΗυο
373 2902 486 2963 accedit
507 2904 563 2981 uti,
586 2901 764 2962 solidissima
786 2904 921 2964 materiai
1108 2915 1147 2956 555

220 3009 344 3069 corpora
366 3009 433 3052 cum
456 2997 602 3071 constant,
624 2992 741 3070 possint
761 2996 860 3052 tamen
882 2991 983 3051 omnia.
1002 2990 1086 3051 reddi

220 3078 324 3139 mollia
342 3098 416 3157 quae
438 3079 525 3159 finnt,
548 3066 617 3160 aer,
634 3096 722 3159 aqna,
743 3085 836 3160 terra,
857 3096 993 3160 vapores,

221 3185 278 3245 quo
301 3174 385 3246 pacto
409 3167 492 3248 fiant,
514 3174 545 3227 et
567 3185 624 3246 qua
645 3169 675 3228 vi
698 3185 830 3246 quaeque
853 3173 1005 3247 gerantur,

150 3263 201 3313 5¹10
220 3255 381 3315 admixtum
404 3257 542 3334 quoniam
564 3254 656 3316 semel
678 3262 725 3316 est
745 3257 777 3316 in
800 3254 889 3317 rebus
911 3257 1009 3316 inane:

150 3351 205 3404 570
218 3349 248 3404 at
270 3351 372 3405 contra
394 3345 421 3404 si
442 3342 541 3404 mollia
564 3345 625 3404 sint
643 3342 805 3423 primordia
826 3361 939 3424 rerum,
1111 3359 1151 3400 ero

219 3433 299 3493 unde
322 3440 431 3512 queant
451 3430 540 3492 validi
562 3431 661 3493 silices
683 3431 852 3510 ferrumque
875 3433 970 3493 creari

220 3538 278 3582 non
301 3523 410 3601 poterit
432 3522 506 3600 ratio
529 3519 627 3582 reddi:
651 3537 719 3581 nam
741 3520 873 3582 funditus
896 3523 992 3593 omnis
