2438 3998
593 273 607 325 Ι

96 429 148 478 308
168 420 272 480 ordine
295 426 407 481 mutato
431 425 462 480 et
484 427 579 501 motu,
603 419 700 482 faeere
723 422 802 480 aeris
825 438 925 501 auras,

168 511 212 569 sio
235 508 306 569 alias
329 507 395 569 aliis
418 506 509 568 rebus
531 511 675 568 mutarier
698 505 816 569 omnis?

212 592 261 657 ‘At
282 596 439 656 manifesta
461 595 558 674 palam
580 614 631 656 res
653 593 775 657 indieat'
799 598 899 676 inquis
923 592 966 655 ‘in
990 613 1077 656 auras

167 687 245 745 aeris
269 702 285 745 e
308 692 388 744 terra
410 701 460 743 res
483 685 579 744 omnis
603 702 738 745 33333333
761 684 871 766 alique;

95 779 199 832 80531
221 773 281 832 nisi
303 777 464 850 tempestas
487 771 621 850 indulget
643 779 777 852 tempore
797 771 894 833 lausto
1067 782 1110 824 8⁰⁵

96 867 148 917 800
167 859 327 940 imbribus,
350 866 384 920 ut
405 858 472 919 tabe
495 858 666 920 nimborum
689 859 809 920 arbusta
831 859 980 942 vacillent,
1045 859 1047 863 ’

168 948 271 1028 solque
295 965 348 1007 sna
370 965 425 1025 pro
448 954 531 1026 parte
556 947 634 1008 13331
657 947 819 1026 tribuitque
843 947 985 1029 calorem,

168 1053 303 1096 33333333
327 1052 387 1095 non
409 1037 526 1113 possint
548 1036 648 1114 fruges
672 1034 792 1096 arbusta
814 1030 993 1096 animantis?

168 1124 296 1204 scilieet,
320 1129 350 1183 et
372 1125 433 1182 nisi
454 1140 510 1182 nos
533 1122 618 1183 cibus
640 1122 741 1183 aridus
765 1130 795 1183 et
817 1130 902 1184 tener
925 1141 1011 1183 umor

95 1220 152 1271 810
168 1212 299 1292 adiuvet,
322 1210 431 1271 amisso
454 1212 514 1270 iam
536 1228 661 1290 corpore
683 1213 742 1272 vita
765 1229 883 1290 quoque
906 1213 1003 1272 omnis
1068 1225 1110 1265 ⁸1⁰

96 1307 148 1357 808
169 1300 306 1361 omnibus
330 1317 347 1359 e
370 1300 470 1359 nervis
492 1305 579 1377 atque
604 1298 720 1359 ossibus
744 1299 925 1360 exsoluatur:

76 1442 85 1455 ,
168 1388 336 1449 adiutamur
359 1388 439 1446 enim
462 1385 552 1447 dubio
575 1386 680 1466 procul
703 1394 790 1466 atque
813 1387 920 1448 alimur
942 1406 998 1448 nos
1032 1381 1035 1385 ’

169 1478 259 1537 333113
282 1474 318 1535 ab
341 1473 446 1555 rebus,
472 1476 562 1534 333113
584 1474 659 1547 31133
682 1481 770 1554 atque
793 1475 867 1536 aliae
889 1494 947 1537 res.

168 1566 323 1644 nimirum,
347 1564 416 1642 quia
438 1561 530 1622 multa
552 1562 648 1623 modis
672 1565 839 1623 eommunia
861 1562 963 1624 multis

96 1660 153 1711 815
169 1651 330 1712 multarum
352 1667 454 1711 rerum
476 1652 508 1710 in
531 1649 621 1711 rebus
643 1650 807 1730 primordia
828 1652 920 1711 mixta
1068 1661 1111 1702 81⁵

97 1746 150 1797 810
169 1746 251 1821 sunt,
275 1739 342 1799 ideo
365 1740 455 1799 variis
478 1740 576 1798 variae
598 1756 648 1799 res
670 1736 761 1798 rebus
784 1737 910 1799 aluntur.

168 1835 257 1906 atque
280 1826 384 1887 eadem
405 1828 507 1905 magni
529 1825 622 1886 refert
643 1825 807 1905 primordia
830 1844 918 1904 saepe

170 1934 238 1976 eum
260 1914 370 1993 quibus
393 1920 423 1974 et
445 1913 526 1993 quali
547 1916 681 1994 positura
704 1916 912 1975 contineantur

169 2010 200 2063 et
223 2021 296 2081 quos
320 2005 399 2062 inter
421 2019 454 2062 se
477 2002 549 2062 dent
570 2008 669 2062 motus
692 2003 908 2080 accipiantque:

98 2099 158 2151 820
169 2109 296 2170 namque
321 2090 424 2150 eadem
446 2089 560 2150 eaelum
582 2108 663 2150 mare
687 2095 783 2150 terras
805 2089 928 2150 flumina
951 2082 1045 2150 solem
1069 2102 1111 2142 830

98 2181 368 2259 81033331113331,
391 2177 494 2238 eadem
517 2178 617 2256 fruges
641 2177 760 2238 arbusta
783 2180 954 2258 animantis,

170 2285 273 2327 verum
296 2266 361 2327 aliis
385 2265 501 2344 alioque
524 2265 612 2325 modo
636 2267 794 2326 commixta
816 2272 980 2326 moventur.

171 2357 243 2434 quin
267 2357 356 2414 etiam
378 2355 490 2432 passim
513 2355 623 2414 nostris
646 2356 678 2413 in
701 2353 836 2414 versibus
860 2355 934 2432 ipsis

170 2442 262 2502 multa
285 2442 430 2503 elementa
451 2442 535 2502 vides
557 2440 659 2502 multis
683 2443 851 2502 communia
873 2439 986 2520 verbis,

99 2537 159 2591 805
171 2549 239 2590 cum
261 2537 360 2590 tamen
382 2531 462 2589 inter
484 2547 516 2590 33
539 2546 643 2589 versus
667 2547 701 2590 33
723 2529 813 2590 verba
835 2534 988 2589 necessest
1070 2537 1112 2582 838

100 2627 152 2677 820
172 2619 330 2679 confiteare
355 2624 385 2678 31
407 2635 440 2677 33
463 2624 494 2677 31
516 2619 616 2678 sonitu
639 2616 749 2677 distare
772 2619 897 2678 sonanti.

171 2713 285 2767 tantum
309 2705 455 2766 elementa
478 2712 591 2783 queunt
612 2711 779 2783 permutato
802 2705 906 2766 ordine
930 2703 1006 2784 s0103

171 2801 202 2855 31
223 2812 324 2855 rerum
348 2810 423 2873 quae
447 2798 516 2853 suut
537 2792 714 2874 primordia,
735 2793 821 2872 plura
843 2792 984 2853 adhibere

171 2888 297 2962 possunt
320 2882 398 2943 unde
423 2887 532 2960 queant
553 2883 652 2941 variae
675 2898 724 2941 333
748 2898 881 2960 quaeque
905 2882 1008 2940 creari

100 2978 155 3029 830
217 2969 302 3030 Nune
325 2977 355 3030 et
377 2969 564 3047 Anaxagorae
588 2976 756 3030 scrutemur
778 2969 1018 3029 homoeomerian
1071 2980 1113 3020 8³⁰

101 3065 261 3138 utiquam
284 3056 356 3118 Grai
376 3063 542 3117 memorant
564 3075 620 3117 nee
643 3063 745 3116 nostra
768 3055 868 3117 (113333
890 3055 991 3134 lingua

172 3146 309 3208 coneedit
330 3144 418 3206 nobis
440 3146 531 3224 patrii
553 3146 700 3205 sermonis
723 3151 853 3226 egestas,

172 3234 225 3295 sed
247 3241 346 3295 tamen
369 3236 465 3313 ipsam
487 3250 553 3292 rem
574 3232 690 3293 facilest
713 3250 861 3311 exponere
884 3231 993 3292 verbis.

171 3324 332 3404 principio,
355 3338 457 3382 rerum
480 3337 568 3399 quam
591 3320 664 3381 dicit
685 3320 941 3401 homoeomerian,

99 3409 425 3492 8353333311311331,
448 3428 465 3469 e
487 3408 624 3488 pauxillis
648 3415 737 3488 atque
759 3410 882 3469 minutis
1072 3417 1113 3459 008

100 3508 153 3557 800
172 3497 290 3560 ossibus
312 3497 361 3559 hie
386 3497 475 3558 etde
498 3496 635 3576 pauxillis
659 3503 747 3575 atque
770 3496 894 3556 minutis

171 3585 338 3648 visceribus
361 3588 460 3647 313333
483 3586 566 3664 gigni
588 3601 779 3663 sanguenque
803 3584 900 3644 creari
