2438 3998
100 207 163 263 nvi
466 203 748 261 PROLEGOMENA.

101 350 227 434 notus?,
250 370 282 413 es
300 353 399 414 maeht
420 353 518 414 niehts
537 371 589 413 aus
613 346 714 434 (wenn
737 370 770 412 er
788 351 863 412 auch
885 351 978 412 sehon
1001 350 1111 411 einmai

102 442 201 521 geleht
222 441 273 500 hat
290 443 388 520 possis
412 442 589 519 cogitatione
607 433 752 523 adicere),
779 457 833 519 pro
852 457 910 518 qno
929 438 1111 517 abrumpens

101 531 211 609 pergit:
226 528 298 588 oder
308 527 363 588 soll
372 547 406 589 er
417 528 584 607 riberhaupt
597 527 675 588 noch
683 527 806 588 niemals
820 545 867 586 am
876 524 963 587 leben
972 544 1110 604 genesen

103 613 190 678 sein?
232 616 309 694 quod
334 634 367 676 re
390 635 451 677 non
474 616 572 676 differt
595 615 631 676 ab
655 634 690 676 eo
713 615 792 694 qnod
814 617 846 674 in
868 632 926 675 usu
948 621 1006 674 est:
1033 613 1112 674 nihil

102 704 206 784 refert,
233 711 335 764 utrum
362 712 447 765 natus
474 706 533 764 iam
556 704 658 784 fuerit,
685 722 722 763 an
749 721 810 763 non
832 702 935 763 fuerit:
957 719 1002 762 on
1023 698 1113 764 outo

101 788 208 852 antrib>
231 789 264 851 0.
287 809 308 852 a
329 787 414 852 nollo
437 787 542 852 annito
565 791 607 871 0.,
629 798 663 851 ut
684 797 822 870 appareat
843 792 875 850 in
898 789 1056 868 archetypo
1080 797 1112 849 et

101 897 146 940 on
171 875 256 940 nollo
287 887 318 940 et
343 896 387 940 on
409 876 471 941 nilo
494 881 638 957 seriptum
661 880 808 939 extitisse:
834 879 906 939 anate
927 872 990 938 tello
1011 875 1111 938 Lm.B.

102 983 184 1028 anne
209 964 273 1028 oto
300 965 336 1026 M.
365 1000 407 1010 -
435 964 499 1028 873
530 969 561 1028 et
588 964 670 1028 tande
700 966 772 1026 mihi
798 965 910 1026 dudum
938 972 1112 1044 suspectum

102 1055 166 1115 tuit.
185 1087 228 1097 -
256 1053 322 1118 900
340 1073 358 1113 a
376 1051 440 1115 901
460 1073 528 1114 oum
549 1056 598 1135 is,·
617 1056 668 1132 qui
694 1053 763 1114 inde
790 1072 808 1113 a
834 1072 860 1113 v.
880 1049 943 1114 901
967 1052 1111 1133 loquitur,

102 1160 163 1203 non
185 1143 265 1203 idem
284 1144 391 1203 sentiat
408 1142 445 1201 de
464 1149 568 1222 morte,
587 1141 665 1220 quod
684 1143 721 1221 ei,
740 1159 867 1219 quorum
884 1139 1111 1200 lamentationes

101 1249 145 1290 vv.
161 1227 336 1292 891-897
351 1228 486 1309 legimus,
504 1247 564 1289 non
577 1231 674 1307 potuit
687 1236 773 1306 poeta
786 1231 850 1288 eius
868 1228 1111 1288 lamentationem

102 1320 147 1377 sie
178 1317 257 1377 nude
285 1316 429 1376 subicere.
458 1348 500 1359 —-
527 1313 535 1392 i
550 1309 742 1397 909-15tt
768 1335 794 1376 v.
823 1313 887 1378 906
898 1334 941 1393 sq.
977 1333 1042 1375 rem
1074 1315 1111 1376 ad

103 1423 239 1465 somnum
262 1403 360 1463 redire
384 1403 469 1464 docet
490 1402 659 1484 Lucretiae,
681 1423 706 1463 v.
722 1402 786 1466 916
797 1422 839 1482 sq.
871 1406 903 1463 in
930 1421 1034 1463 somno
1057 1422 1110 1464 ne-

102 1495 213 1552 minem
236 1510 268 1552 se
290 1493 458 1570 requirere:
479 1491 552 1552 haec
575 1493 666 1570 igitur
688 1510 748 1552 non
771 1494 902 1569 separari
924 1498 1051 1570 oportet.
1066 1524 1109 1533 -

103 1577 167 1643 914
190 1581 298 1642 torrat
315 1579 358 1659 0.,
380 1597 455 1640 corr.
475 1578 507 1640 0.
531 1581 624 1641 torret
643 1578 676 1640 0.
700 1579 768 1640 inde
790 1577 995 1639 Lachmannus
1014 1580 1112 1640 torres

104 1661 192 1749 (item
214 1667 246 1728 B.
262 1674 292 1728 et
304 1661 387 1748 Mn),
412 1686 483 1728 voce
506 1670 606 1746 ignota
624 1686 660 1728 ex
683 1667 785 1745 Cyrilli
806 1666 949 1745 glossario
973 1667 1111 1746 cupidius

103 1764 228 1834 arrepta.
243 1789 285 1798 -
305 1754 369 1816 922
387 1771 419 1816 se
437 1751 567 1834 eollipat
583 1755 692 1816 ka.:
715 1752 821 1835 probat
838 1753 1009 1815 Giussanus.
1039 1755 1112 1814 inde

103 1844 181 1921 quod
203 1843 292 1904 homo
315 1862 351 1903 ex
374 1862 478 1904 somno
497 1862 529 1903 se
552 1843 691 1922 colligere
714 1843 797 1922 solet,
819 1845 1008 1920 cognoscitur
1030 1843 1111 1922 quod

104 1927 169 1992 920
182 1948 225 2008 sq.
248 1930 382 2007 legimus.
398 1965 440 1973 -
456 1927 520 1992 925
541 1928 631 1992 anta
653 1936 690 1993 et
711 1928 865 2006 (inmoto,
888 1928 977 1990 Goeb.
996 1936 1110 2009 quaest.

102 2037 131 2096 p.
146 2015 203 2078 29:
227 2014 333 2078 arrhae
354 2015 497 2078 (innotus
519 2016 579 2088 00.
601 2018 696 2095 vulgo.
711 2050 753 2061 —
768 2015 833 2079 932
853 2018 891 2080 aa·
910 2020 1009 2096 prata
1031 2017 1111 2078 Nau-

103 2123 177 2183 ger:
201 2102 302 2183 protis
325 2103 383 2175 00.
413 2102 513 2183 pratis
532 2103 598 2183 fnit
617 2101 691 2166 haee
712 2104 744 2166 L.
771 2103 910 2184 pretione
928 2103 995 2183 fnit
1014 2104 1046 2165 B.
1067 2139 1110 2148 —-

104 2188 168 2253 938
188 2189 226 2275 in
248 2189 403 2270 offensast
417 2191 568 2272 Postgate,
590 2192 691 2253 Journ.
711 2193 744 2253 oi
758 2193 857 2273 philol.
877 2192 940 2252 XVI
957 2212 984 2271 p.
1000 2191 1056 2254 28:
1074 2191 1112 2254 in

103 2277 233 2358 offensos
255 2279 313 2350 00.
358 2276 394 2340 ia
416 2276 564 2357 offensust
583 2278 683 2340 Lamb.
705 2279 855 2341 Lm.BMr.
879 2315 921 2323 -
947 2277 1013 2341 947
1034 2279 1115 2359 quid

102 2366 349 2446 respondemus.
386 2364 445 2437 00.
463 2367 552 2445 vulg.:
578 2365 771 2446 respondebis
792 2367 932 2429 Ritsehel.
955 2387 999 2448 ap.
1019 2366 1111 2428 Goeb.

103 2474 186 2534 qnae.
209 2475 237 2534 p.
257 2453 299 2516 29
322 2453 465 2534 probante
488 2455 593 2536 Pollio,
616 2464 734 2533 praeter
756 2459 972 2537 necessitatem,
995 2458 1110 2535 opinor.

103 2576 146 2584 —
168 2539 232 2604 959
253 2540 367 2621 potatis
388 2541 512 2604 εονιοεᾱε
528 2542 559 2603 Β.
578 2541 701 2622 mapnts
721 2541 779 2614 00.
802 2541 906 2622 dapnes
918 2543 953 2610 L.
977 2560 1114 2622 mepms

104 2647 182 2690 oens.
210 2628 313 2690 Orellii
340 2630 454 2690 lenens.
478 2629 546 2711 Mn,
572 2634 681 2711 inepte.
704 2664 747 2673 -
771 2628 836 2692 990
861 2649 951 2709 qoem
976 2627 1114 2693 volueres

103 2714 242 2779 tacerent
261 2714 373 2793 <norae
387 2766 393 2778 .
409 2765 415 2778 .
430 2716 460 2799 .>
488 2716 617 2780 991...
640 2721 730 2797 atque
756 2721 838 2780 esest
862 2716 978 2780 noxios
1004 2736 1111 2798 anper,

102 2805 202 2885 philol.
221 2805 324 2864 XXVll
342 2802 394 2868 56.
434 2807 492 2867 ont
516 2803 605 2869 ottae
630 2807 751 2885 quotus
771 2804 918 2868 octodoot
937 2804 1115 2885 suppeditat

103 2910 206 2968 aurae,
228 2892 342 2973 Bruno,
368 2911 450 2972 prog.
477 2892 688 2956 narratori:
715 2890 918 2972 alinquanto
945 2892 1115 2972 cuppedine

105 2973 296 3064 (cnapedane)
311 2979 369 3050 00.
383 2979 483 3040 Lamb.
498 2982 564 3042 edd.
579 3015 621 3025 -
640 2977 740 3042 1009.
756 3029 762 3041 .
778 3028 785 3041 .
800 2989 982 3063 effaetas*
999 2979 1114 3043 Tortor

100 3083 156 3126 ros
175 3113 181 3125 .
197 3112 203 3125 .
219 3113 226 3127 .
245 3068 346 3128 aestas
363 3099 407 3109 —
425 3068 496 3145 qut
514 3085 609 3146 oenoe
625 3071 706 3144 sont,
729 3070 765 3129 of.
783 3088 812 3149 p.
826 3069 901 3150 XXI,
914 3069 980 3130 Mr.:
1003 3089 1117 3150 epaon

104 3157 258 3221 Tartarus
271 3159 366 3220 Lm.B.
381 3192 423 3201 —
441 3156 524 3221 1021
543 3157 623 3222 hirae
638 3160 759 3220 Pontan.
776 3156 827 3221 tta
840 3158 1042 3230 oonmnnr
1069 3194 1113 3206 -

105 3243 191 3309 1040
217 3245 283 3325 ipse
308 3243 466 3324 Eponam
493 3248 573 3310 oott
604 3247 727 3310 decurso
753 3246 882 3307 Florent.
910 3245 951 3308 31
988 3247 1113 3310 Pontan.

103 3334 157 3396 Mr.
179 3334 246 3412 Brg.
269 3334 369 3414 philol.
392 3334 496 3395 XXVII
519 3333 591 3399 336.
619 3334 669 3412 t't'i,
697 3335 776 3414 quod
802 3353 857 3414 per
884 3354 916 3395 se
944 3354 1005 3396 non
1032 3337 1114 3396 idem

103 3430 150 3484 est
172 3423 250 3502 qnod
273 3419 362 3484 obire.
385 3421 480 3482 Lm.B.
495 3457 537 3465 —
554 3422 639 3487 1056
662 3425 692 3484 et
710 3439 855 3502 qoaaere
876 3439 1006 3501 semper,
1034 3441 1116 3486 cono

105 3513 223 3573 nanterre
241 3507 351 3571 heom:
375 3513 415 3571 ita
434 3511 596 3574 distinxere
619 3517 699 3572 recte
723 3517 790 3570 ante
809 3510 1038 3591 Lachmannum,
1062 3515 1114 3590 qui
