2438 3998
471 106 662 162 APPENDIX.
1002 109 1068 172 215

60 263 208 333 tuendum,
236 281 308 333 quee
333 282 390 319 non
416 264 597 336 impugnatur
622 266 677 319 nisi
701 282 752 336 per
777 282 911 335 errorem,
937 266 1069 321 videlicet

62 335 187 389 animum
200 350 259 389 esse
273 336 396 405 corporis
408 339 525 405 purtem.
537 367 570 377 -
588 341 638 390 172
649 354 708 405 sqq.
724 380 730 390 .
743 380 747 390 .
760 379 765 391 .
781 345 806 392 et
819 339 849 391 iu
863 340 936 393 terra
949 337 1000 393 Mr.
1010 338 1067 410 B.]:

61 404 152 460 (lines.
171 423 266 461 saevus
284 414 310 461 ei
326 409 358 460 iu
376 414 449 462 terra
467 409 563 462 meretis
581 411 629 477 qui
646 409 770 478 pipuitur
789 416 891 474 aestus,
910 409 959 461 sed
976 408 1018 462 ite
1035 410 1069 461 ut

10 503 13 508 ·
59 493 157 532 caecus
180 493 236 531 non
259 477 296 531 ed
318 484 421 532 aestum
437 477 551 544 referet,
575 480 607 531 ut
625 478 717 546 lones,
741 478 791 546 qui
809 478 1067 550 scnbrruss1t2pe·

62 548 142 615 iiius,
163 564 257 602 saeuus
276 555 313 614 el,
336 550 432 602 contre
455 549 530 616 quod
553 549 625 601 dixit
646 548 711 617 Mn,
736 549 785 602 sed
808 550 981 618 adpetitum.
1019 550 1069 603 sed

62 633 145 687 queo,
158 618 275 673 saevitis
296 618 328 671 in
350 635 382 672 eo
401 635 536 687 apparere
553 619 654 688 possit,
679 619 703 672 si
724 620 808 673 homo
826 621 986 673 vulneratus
1004 636 1069 689 pro-

62 687 189 756 cumbet,
207 705 264 742 non
281 689 369 743 video.
407 689 442 742 de
459 689 512 743 hoc
529 689 591 744 loco
610 706 694 760 egem
711 690 741 743 in
758 693 918 744 recensione
936 690 1071 744 editionis

62 758 274 813 (liussenienee.
293 790 327 800 —
352 764 491 813 189-196
511 802 516 813 .
533 803 538 813 .
555 803 560 814 .
576 762 702 843 possunt]
725 757 886 829 obloquitur
904 760 993 815 Giuss.
1012 761 1067 817 hic.

62 832 161 884 contre
178 848 202 884 v.
219 835 270 885 198
293 831 483 900 spinarumque
505 831 607 885 retinet
629 847 723 885 omme
739 847 804 885 mee
822 833 987 902 argumente
1004 848 1069 900 pro-

63 900 143 955 bans.
158 932 191 941 -
210 906 262 954 237
282 942 287 955 .
304 943 310 954 .
326 943 332 954 .
347 900 433 955 etiem
451 899 541 954 Giuss.
561 903 660 970 ouimi,
680 903 730 956 sed
748 901 782 956 cf.
798 918 860 956 enn.
875 901 982 957 Lucret.
999 907 1068 956 1895

62 990 91 1042 p.
104 976 250 1026 167.-239
266 989 305 1039 sq.
324 973 421 1040 recipit
432 989 506 1026 meus
521 970 580 1036 OQ:
600 973 675 1040 quod
688 975 721 1026 ut
733 972 800 1026 ferri
813 973 910 1042 possit,
929 988 962 1026 eo
975 972 1068 1027 minus

61 1043 132 1096 ferri
149 1044 254 1112 potest:
279 1042 407 1113 (nedum)
431 1059 500 1111 quoe
517 1050 626 1097 merite
643 1045 754 1099 uolutat.
791 1045 841 1098 sed
857 1045 969 1110 redum,
993 1043 1069 1111 quod

64 1112 171 1167 Pollius
190 1115 300 1182 etpost
323 1128 386 1166 eum
408 1111 569 1184 Postgetius
588 1114 672 1167 scribi
690 1114 837 1182 iusserunt,
860 1114 1004 1185 ingeniose
1023 1130 1069 1167 ex-

63 1182 221 1254 cogitatum
244 1185 294 1237 est.
331 1182 424 1253 Postg.
451 1183 559 1237 scribit:
586 1185 682 1253 recipit
702 1201 757 1239 ree
776 1229 782 1239 .
802 1226 809 1239 .
828 1228 834 1239 .
852 1189 977 1240 medum
1000 1201 1071 1255 quae

64 1261 150 1309 merite
167 1257 283 1309 uolutus.
317 1253 414 1307 Leidd.
434 1254 566 1307 exhibent
583 1257 716 1323 quaedum
733 1273 783 1325 que
800 1263 885 1310 meru
903 1257 1014 1311 uolutat.
1033 1287 1069 1297 -

65 1330 118 1380 268
136 1325 208 1380 iuter
224 1342 278 1380 sese
296 1324 427 1396 inuicta]
450 1323 540 1378 Giuss.
559 1327 591 1378 ut
608 1325 704 1378 Leidd.
727 1327 798 1380 iuter
819 1343 872 1381 sese
890 1329 988 1393 mictu,
1012 1342 1070 1395 que

63 1413 95 1451 re
113 1395 241 1451 Lucretio
255 1411 383 1450 versuum
400 1396 521 1449 maximo
540 1394 640 1450 ertifici
654 1396 786 1449 iniurium
798 1397 876 1451 fecit.
896 1428 929 1438 -
948 1402 999 1450 267
1019 1413 1068 1453 ca-

64 1469 119 1522 lor.
142 1483 199 1520 non
217 1467 293 1522 color
309 1466 381 1538 Lm]
400 1465 560 1520 Giussenus.
593 1482 687 1520 verum
706 1469 748 1520 est
765 1467 796 1520 in
813 1468 929 1535 viscere,
950 1467 1017 1520 dum
1038 1467 1070 1521 in

64 1553 180 1606 corpore
197 1538 281 1605 letet,
300 1553 356 1590 non
375 1553 434 1591 esse
449 1538 576 1591 colorem.
605 1538 654 1591 sed
668 1537 716 1604 eis,
736 1554 807 1605 quse
821 1538 851 1590 in
863 1538 926 1592 luce
940 1538 1073 1605 vidimus,

64 1609 152 1662 etiem
170 1624 234 1663 cum
251 1608 281 1660 in
298 1607 420 1662 tenebris
440 1610 515 1675 sunt,
536 1624 599 1661 eum
617 1608 737 1662 colorem
755 1608 942 1676 attribuimus,
961 1609 1010 1676 qui
1028 1609 1069 1662 eis

65 1681 96 1734 in
113 1679 176 1734 luce
191 1678 253 1732 fuit.
269 1710 302 1719 -
321 1683 395 1731 284.
411 1721 417 1732 .
432 1679 605 1733 ullusulius
619 1677 685 1748 (OQ.
700 1679 774 1749 edd.)
793 1680 879 1732 etiam
896 1697 970 1733 nunc
988 1679 1070 1733 Gius-

65 1767 158 1804 senus.
196 1750 246 1803 sed
268 1749 303 1802 de
321 1749 446 1803 variante
465 1750 552 1802 enimi
574 1751 650 1802 stetu
668 1751 741 1818 (περὶ
759 1759 814 1805 τῶν
832 1753 945 1873 rubori}
963 1750 1010 1804 hic
1027 1750 1069 1804 lo-

64 1822 162 1891 quitur
178 1822 271 1889 poete.
286 1851 320 1861 -
340 1825 390 1874 289
410 1821 509 1874 uerius
528 1818 583 1884 OQ.
598 1819 661 1891 Brg.
677 1818 776 1888 Giuss,
795 1822 906 1888 quode
947 1820 1068 1887 embino,

64 1890 124 1946 Ion.
143 1891 175 1945 Β.
193 1890 244 1944 Mr.
264 1891 294 1944 in
312 1892 425 1946 auibus
443 1893 603 1959 corruptum
621 1893 670 1944 est.
690 1922 723 1931 -
743 1896 793 1944 297
812 1898 949 1962 peueules.
968 1894 977 1962 ΙΙ
990 1908 1008 1946 r
1021 1908 1071 1946 uec

64 1969 329 2032 capere-possuit.
352 1963 361 2030 Ι]
384 1961 443 2015 sine
469 1962 580 2015 lineolis
609 1964 637 2015 et
663 1962 781 2015 lucunas
809 1962 888 2032 signo
916 1960 1006 2016 Giuss.
1034 1992 1068 2003 -

64 2039 119 2088 304
140 2033 302 2100 suffusione
320 2075 326 2086 .
343 2075 348 2086 .
364 2074 370 2086 .
389 2033 522 2086 umbraue
541 2034 569 2085 et
593 2038 644 2085 396
663 2034 861 2101 interutrosque
883 2034 962 2088 silaei
983 2033 1070 2087 etium
1166 2085 1168 2088 ⁴

64 2103 170 2170 (liuns,
193 2103 264 2158 hoec
284 2103 370 2172 poulo
389 2103 471 2156 aliter
488 2103 695 2171 interpretetus.
715 2105 932 2175 -11337-349
951 2106 960 2173 ΙΙ
978 2103 1069 2158 Giuss.

65 2175 127 2230 sine
148 2174 267 2228 lineolis.
295 2205 329 2214 —-
357 2181 410 2227 354
428 2216 433 2227 .
450 2216 455 2226 .
472 2215 478 2227 .
497 2171 587 2227 Giuss.
610 2176 677 2242 quie
699 2175 765 2242 (non
787 2175 867 2243 quid,
888 2177 921 2230 ut
939 2177 1001 2246 ego)
1020 2176 1070 2229 ael·

61 2250 143 2312 teret.
171 2277 207 2287 -
233 2251 284 2299 358
305 2286 312 2298 .
331 2287 337 2297 .
358 2245 544 2369 &multoque
566 2251 708 2313 praeterea
731 2247 822 2313 perdit
844 2263 905 2300 cum
927 2247 1072 2314 expellitur

65 2318 143 2389 aceo]
165 2316 260 2384 Bern,
279 2315 347 2370 item
396 2316 475 2382 iuss,
500 2315 556 2368 nisi
574 2315 650 2383 quod
673 2331 783 2369 versum
808 2332 865 2369 non
885 2318 919 2369 ut
945 2317 1072 2385 spurium

64 2389 155 2442 notat.
188 2403 239 2458 ego
262 2386 361 2440 melius
384 2387 452 2440 olim
475 2385 559 2440 scribi
581 2385 702 2439 iussi..
723 2404 808 2440 ‚cum
834 2387 997 2458 (expellitur
1019 2388 1071 2441 illa

68 2460 160 2513 ‘recte
178 2459 216 2512 acl
233 2457 354 2513 seuuuu'
374 2457 416 2510 eit
434 2455 523 2510 Giuss.
539 2488 572 2497 -
592 2462 642 2510 362
660 2474 754 2512 seusus
767 2459 840 2512 euim
859 2502 864 2513 .
885 2501 890 2512 .
911 2499 916 2512 .
937 2459 1007 2513 acies
1025 2458 1070 2512 ‹le-

65 2530 155 2586 uude
172 2529 209 2582 ad
222 2530 306 2597 ipsus
319 2529 381 2598 <ree
396 2570 401 2581 .
418 2571 424 2582 .
440 2572 445 2582 .
462 2527 504 2597 .>,
521 2528 632 2598 sulpicla
648 2529 699 2582 etc.
733 2526 831 2595 Giuss,
850 2528 921 2581 nihil
935 2528 1070 2582 excidisse

65 2601 157 2668 retus,
184 2600 268 2669 putet
290 2600 404 2668 poetam
430 2598 521 2651 dicere
546 2599 620 2652 trabi
644 2600 673 2652 et
695 2599 804 2652 detrudi
825 2615 876 2652 nos
899 2599 947 2667 (ed
965 2599 1070 2669 oculos)

68 2670 144 2737 ε1101,
168 2669 199 2722 ia
221 2671 317 2723 nostre
335 2669 489 2735 coscienzc,
515 2667 649 2722 ilnostro
667 2669 818 2739 giudizio',
845 2669 920 2735 quod
942 2669 1011 2736 quid
1033 2670 1071 2723 sit

65 2757 112 2795 me
129 2756 186 2794 non
203 2740 366 2811 intellegere
384 2739 482 2793 fateor.
497 2769 530 2779 -
550 2744 601 2792 365
621 2754 680 2807 quc
697 2740 831 2793 ceruimus
848 2740 903 2807 ipsi
921 2737 976 2804 OQ.
1004 2741 1071 2808 quic

65 2811 207 2883 postiam.
226 2811 257 2864 Β.
276 2810 327 2864 Μ1.
347 2810 450 2865 Giuss.:
474 2825 543 2878 quos
564 2809 657 2863 miror.
676 2825 768 2862 nonne
787 2809 861 2862 enim
883 2809 929 2863 rie
947 2809 1070 2878 videndi,

65 2885 101 2937 ut
117 2883 159 2935 ita
177 2882 281 2950 dicum,
299 2881 355 2935 fert
371 2897 422 2951 per
439 2882 548 2950 portes,
571 2896 656 2948 quse,
676 2897 738 2933 cum
755 2881 884 2949 pateant,
903 2880 1012 2933 nullum
1028 2880 1072 2934 le·

65 2953 163 3008 borem
185 2953 258 3007 susci
279 2953 357 3007 iunt?
384 2983 419 2993 -
447 2957 500 3004 374
524 2952 642 3005 aululae
662 2952 790 3005 elemeulu
813 2951 922 3004 miuoro
944 2948 1067 3015 09111.

65 3025 132 3109 Brg.
151 3024 235 3078 adde:
255 2971 344 3077 ginis.
370 3054 404 3063 -
432 3027 572 3075 378-380
591 3063 596 3075 .
617 3063 623 3075 .
644 3063 649 3075 ,
668 3020 782 3092 retinet]
806 3019 895 3075 Giuss.
922 3023 1071 3088 utrumque

61 3113 158 3166 premo
178 3097 254 3149 recte
277 3110 306 3148 se
328 3093 431 3147 hebere
452 3093 543 3162 putet.
580 3090 709 3160 offendit,
737 3091 813 3160 quod
837 3092 957 3145 alterum
978 3093 1071 3161 prime

66 3166 177 3222 videtur
189 3165 276 3234 priori
288 3164 463 3234 respondere,
478 3180 541 3218 cum
553 3178 584 3216 re
597 3179 662 3217 vera
675 3179 731 3218 non
744 3163 919 3233 respondeat.
947 3162 978 3217 in
991 3179 1071 3218 versu

66 3243 120 3292 380
130 3239 213 3306 privo
226 3252 259 3290 eo
273 3236 489 3301 commendetur,
504 3234 580 3302 quod
592 3234 624 3286 in
634 3251 714 3288 versu
728 3241 778 3288 372
794 3236 837 3289 est
845 3235 1001 3305 primordie
1014 3236 1072 3289 siu·

65 3309 134 3380 pulc
148 3309 238 3378 priuis
255 3308 388 3375 adposita.
403 3337 438 3347 -
456 3311 507 3359 383
526 3306 564 3376 lg.
584 3305 614 3358 in
627 3307 706 3359 textu
724 3309 827 3360 aranei.
847 3337 881 3347 —
901 3311 952 3359 392
972 3308 1001 3359 et
1018 3309 1072 3358 398

66 3381 138 3449 (393.
154 3385 204 3433 392
219 3378 336 3503 111113-
352 3374 446 3443 Goeb,
465 3393 549 3445 quem
562 3375 613 3430 Mr.
631 3377 705 3430 mele
724 3377 868 3449 sequitur}
895 3392 953 3430 non
969 3375 1072 3430 melius

66 3467 152 3520 quem
178 3449 244 3504 huic
296 3448 407 3502 iusseno
435 3449 465 3501 in
491 3463 620 3501 versuum
646 3463 703 3501 non
728 3447 961 3516 transpositorum
985 3447 1072 3501 inter·
