2438 3998
103 217 129 271 X
465 213 748 271 PROLEGOMENA.

104 371 217 425 tantum
244 382 304 424 non
331 362 468 423 omnibus
495 361 650 440 epistulam
678 362 756 422 illam
786 361 877 422 edidit
904 365 935 422 in
962 379 998 422 eo
1025 360 1112 443 libro,

104 455 155 531 qui
186 448 355 530 ‘Epicurea'
387 453 548 528 inscriptus
580 468 656 510 anno
690 445 776 512 1885
808 452 972 528 impressus
1004 457 1050 509 est
1080 453 1112 510 in

104 539 225 601 aedibus
247 539 279 600 Β.
304 538 336 598 G.
360 537 517 598 Teubneri.
563 540 615 616 qui
638 537 715 598 liber
737 557 805 597 cum
827 537 883 597 alia
906 538 983 597 bona
1004 536 1113 598 habeat

103 628 239 709 plurima,
261 634 324 687 tum
347 626 419 687 illud
441 644 512 705 prae
532 628 649 706 ceteris,
672 625 750 704 quod
774 627 952 704 optimorum
976 625 1113 686 codicum

103 715 245 776 lectiones
268 732 327 775 uno
351 717 382 774 in
405 721 565 794 conspectu
587 713 786 792 inspiciendas
808 715 956 792 proponit.
1002 715 1113 791 scripsi

104 806 195 881 igitur
210 803 265 864 hae
283 802 409 863 Useneri
427 821 517 881 opera
535 801 652 862 adiutus
671 819 747 862 anno
767 798 852 864 1888
873 801 1113 862 dissertationem

105 892 140 951 de
169 898 334 951 atomorum
360 890 573 970 Epicurearum
599 898 682 949 motu
704 888 873 969 principali,
901 908 976 968 quae
999 891 1113 950 inserta

104 986 149 1039 est
176 978 434 1040 dissertationibus
458 977 643 1056 philologieis
665 977 790 1037 Martino
813 976 931 1037 Hertzio
959 976 1111 1037 dedicatis,

103 1067 230 1147 denique
262 1086 370 1147 nuper,
403 1068 421 1127 i.
450 1084 474 1126 e.
510 1067 644 1145 proximo
676 1084 765 1146 anno,
797 1064 920 1144 Epicuri
951 1064 988 1124 de
1019 1067 1112 1125 animi

104 1157 275 1234 animaeque
311 1162 415 1215 natura
447 1153 610 1214 doctrinam
643 1153 772 1232 explicui
803 1152 902 1213 libello
936 1152 1112 1214 scholastico

103 1241 231 1302 Halensi.
282 1245 309 1302 si
336 1259 410 1320 quae
442 1248 595 1320 praeterea
625 1244 732 1320 scripsi
759 1240 796 1301 de
823 1241 942 1301 Lucreti
971 1244 1112 1320 carmine,

103 1332 283 1390 mentionem
306 1330 411 1389 faciam
433 1329 485 1389 ubi
507 1347 557 1389 res
579 1329 747 1408 postulabit.

190 1416 251 1478 Iam
287 1424 321 1476 ut
356 1424 494 1495 appareat
529 1434 651 1477 necesse
682 1418 774 1477 luisse
806 1418 842 1476 de
874 1435 973 1477 rernm
1005 1424 1112 1478 natura

103 1508 243 1565 carminis
258 1505 456 1565 emendationi
464 1523 519 1583 pro
529 1504 717 1565 fundamento
728 1504 900 1565 substruere
909 1504 1111 1584 physiologiae

102 1593 266 1672 Epicureae
306 1595 517 1674 cognitionem,
557 1596 659 1672 paucis
700 1592 773 1653 locis
809 1612 845 1652 ex
885 1611 987 1670 magna
1026 1596 1112 1672 copia

103 1683 286 1762 depromptis
313 1681 520 1742 demonstrabo
544 1690 574 1742 et
595 1680 813 1742 Lachmannum
836 1688 866 1740 et
888 1680 961 1740 alios
984 1698 1048 1740 eam
1073 1680 1111 1741 ob

103 1789 167 1830 rem
182 1789 269 1849 saepe
282 1789 431 1850 peccasse,
451 1770 528 1848 quod
543 1789 601 1850 res,
627 1788 701 1849 quas
725 1767 852 1847 explicat
869 1766 1036 1847 Lucretius,
1060 1777 1112 1830 aut

103 1876 164 1917 non
185 1860 408 1936 perspexissent
429 1865 480 1917 aut
501 1856 537 1917 ad
561 1876 610 1917 eas
633 1875 737 1935 parum
761 1856 953 1916 attenderent.
991 1858 1112 1917 initium

103 1946 207 2004 faciam
230 1944 267 2004 ab
290 1945 426 2004 versibus
449 1944 519 2004 libri
537 1942 628 2006 1622
647 1952 677 2004 et
691 1940 766 2024 625,
788 1943 840 2003 ubi
863 1952 935 2023 quot
953 1946 1010 2004 viri
1029 1944 1112 2005 docti

103 2030 295 2111 Lachmanni,
318 2050 406 2110 quem
428 2031 606 2110 Rernaysius
631 2039 750 2091 secutus
774 2039 832 2111 est,
854 2050 987 2092 errorem
1011 2037 1112 2093 convi-

104 2121 211 2199 cerint,
238 2118 316 2198 apud
338 2118 463 2179 Pollium
486 2119 585 2178 videas
610 2121 642 2178 in
665 2118 818 2180 annalibus
842 2119 900 2179 illis
924 2120 1126 2182 Lucretianis

104 2225 177 2285 quos
193 2225 281 2286 supra
296 2206 418 2266 laudavi.
451 2225 520 2267 cum
533 2209 612 2267 enim
622 2207 776 2268 Lucretius
789 2208 857 2268 inde
868 2226 981 2268 aversu
991 2204 1056 2270 593
1068 2242 1111 2251 —

102 2296 156 2356 ubi
186 2313 257 2355 sane
289 2294 392 2354 lacuna
422 2302 468 2355 est
495 2327 537 2338 -
565 2314 659 2375 usque
688 2296 723 2356 ad
746 2314 863 2356 versum
892 2292 955 2358 621
984 2296 1021 2355 de
1049 2304 1112 2357 ato-

102 2401 218 2444 morum
244 2382 378 2461 partibus
406 2385 537 2443 minimis
565 2383 734 2465 disputarit,
762 2402 836 2463 quae
859 2387 899 2444 ita
921 2391 955 2444 ut
979 2389 1110 2462 separari

102 2489 163 2530 non
183 2477 306 2549 possent
328 2478 463 2531 naturam
485 2474 618 2549 eorporis
642 2472 794 2551 explerent
812 2475 831 2532 i.
846 2490 871 2533 e.
890 2478 1003 2532 atomos
1022 2490 1058 2532 ex
1078 2492 1111 2534 sc

103 2559 329 2637 constituerent,
355 2560 396 2617 ita
417 2561 514 2638 pergit
536 2567 570 2619 ut
592 2560 682 2640 dicat,
706 2557 844 2639 ‘denique
868 2562 895 2619 si
918 2561 1055 2619 minimas
1079 2564 1111 2621 in

102 2642 206 2724 partis'
235 2639 427 2727 (atomorum,
454 2664 514 2706 non
541 2649 572 2706 in
595 2654 707 2708 atomos
730 2642 858 2729 tantum)
881 2666 981 2707 rerum
1005 2654 1112 2709 natura

102 2751 151 2793 res
175 2733 344 2815 resolveret,
367 2735 499 2795 futurum
523 2753 588 2794 esse
613 2743 646 2795 ut
664 2735 705 2795 nil
725 2754 760 2796 cx
780 2738 824 2795 eis
842 2754 980 2813 reparare
998 2744 1112 2818 posset,

102 2829 259 2901 propterea
286 2821 364 2901 quod
392 2840 467 2901 qnae
494 2822 583 2882 nullis
605 2823 739 2901 partibus
762 2830 863 2883 auctae
887 2831 988 2883 essent
1010 2856 1052 2866 -
1077 2832 1112 2885 ut

103 2916 267 2970 atomorum
286 2917 387 2988 partes
405 2912 545 2970 minimae
564 2943 616 2991 -,
634 2929 694 2971 non
711 2919 832 2990 possent
851 2929 885 2971 ea
902 2909 1021 2991 habere,
1044 2908 1113 2990 ‘per

103 3015 177 3076 qnae
204 3016 254 3058 res
283 3016 416 3077 quaeque
444 2995 603 3075 gerantur'.
649 3017 724 3078 quae
750 2998 954 3059 Lachmannus
981 3001 1022 3058 ita
1049 3017 1111 3061 non

102 3085 256 3165 intellexit,
277 3092 309 3145 ut
332 3084 468 3145 Lambini
489 3088 641 3146 inventum
663 3087 797 3166 probarit
817 3105 871 3166 pro
890 3088 928 3149 δι’
945 3089 993 3150 tot
1012 3096 1041 3149 et
1054 3106 1110 3166 pro

101 3168 222 3234 attollis
243 3168 370 3235 multis
393 3173 558 3234 scribentis
601 3193 696 3253 neque
719 3174 826 3235 melius
848 3175 928 3234 idem
951 3193 1015 3234 rem
1033 3179 1111 3253 gerit

101 3262 133 3321 in
151 3259 216 3321 loco
236 3279 305 3322 sane
324 3260 497 3322 difficillimo
512 3259 732 3343 11100—107,
746 3262 798 3323 ubi
811 3262 887 3323 male
902 3263 1110 3341 distinguendo

102 3348 193 3408 efficit
219 3356 254 3409 ut
274 3356 361 3427 poeta
384 3367 453 3409 saxa
476 3357 506 3410 et
527 3351 640 3411 sermm
662 3369 801 3429 magnum
823 3369 878 3430 per
900 3354 987 3411 inane
1010 3354 1112 3429 vagari

101 3436 192 3496 dicat:
229 3454 287 3515 qno
324 3439 356 3496 in
391 3437 456 3498 loco
489 3457 562 3516 qnae
596 3441 661 3500 vitii
693 3440 779 3500 sedes
812 3446 892 3500 esset
923 3440 1011 3500 docui
1042 3457 1111 3500 ann.

101 3523 201 3603 philol.
226 3520 313 3587 1875
331 3543 359 3603 p.
380 3522 457 3606 627,
488 3528 638 3605 profectus
669 3525 704 3588 ab
732 3529 826 3606 ipsius
853 3526 975 3606 Epicuri
1002 3526 1111 3609 verbiS,
