2438 3998
136 246 199 312 100
619 244 660 300 IV

205 393 336 473 undique
358 396 404 455 uti
424 395 562 457 tenebras
585 397 681 456 omnis
703 393 869 455 Acherunta
892 396 985 455 rearis
1101 416 1141 456 uo

205 481 329 561 liquisse
352 489 382 542 et
403 501 523 560 magnas
546 483 620 544 caeli
643 482 805 562 complesse
829 501 976 544 cavernas.

137 588 188 637 135
206 588 300 648 usque
324 569 395 630 adeo
418 577 512 632 taetra
534 571 701 632 nimborum
723 577 809 632 nocte
832 578 931 632 coorta

135 674 189 724 171
205 658 367 737 inpendent
389 666 468 719 atrae
492 660 657 721 formidinis
679 677 731 720 ora
754 677 889 739 superne.
913 741 922 830 Η
1102 681 1140 720 ua

627 766 645 806 e

251 833 336 894 Nunc
359 853 424 916 age,
447 854 535 914 quiam
557 838 640 897 tenui
662 843 765 897 natura
788 843 903 897 constet
925 838 1020 914 imago
1102 856 1141 895 uo

207 925 335 1002 percipe.
371 931 402 983 et
423 926 455 984 in
477 926 595 1005 primis,
618 927 757 1003 quoniam
778 923 939 1004 primordia
962 930 1076 983 tantum

138 1027 191 1077 110
207 1018 276 1071 sunt
297 1011 374 1072 inira
396 1018 514 1073 nostros
538 1031 642 1074 sensus
664 1019 804 1092 tantoque
826 1015 941 1072 minora

139 1115 191 1164 140
209 1117 295 1178 quam
319 1117 394 1178 quae
417 1103 545 1178 primum
568 1100 646 1161 oculi
664 1108 801 1180 coeptant
818 1119 877 1161 non
895 1118 982 1179 posse
1000 1101 1079 1160 tueri
1097 1131 1139 1141 —

208 1204 287 1247 nunc
309 1195 408 1247 tamen
430 1187 460 1246 id
484 1206 600 1267 quoque
623 1191 667 1249 uti
690 1190 873 1270 confirmem,
898 1188 1017 1248 exordia
1041 1205 1140 1248 rerum

210 1281 380 1336 cunctarum
404 1293 491 1354 quam
514 1279 574 1337 sint
596 1275 716 1337 subtilia
737 1280 857 1356 percipe
879 1278 989 1356 paucis.
1102 1298 1140 1337 115

208 1365 338 1442 primum
360 1363 495 1424 animalia
518 1371 587 1424 sunt
609 1367 667 1425 iam
689 1367 797 1443 partim
819 1363 944 1444 tantula,
967 1381 1092 1443 quorum

140 1467 193 1517 115
207 1453 295 1511 tertia
316 1469 385 1530 pars
408 1451 488 1512 nulla
510 1454 604 1531 possit
625 1454 739 1513 ratione
760 1453 862 1514 videri.

141 1555 192 1604 145
210 1539 316 1598 horum
337 1541 511 1600 intestinum
534 1540 657 1620 quodvis
680 1541 765 1621 quale
789 1559 855 1602 esse
877 1539 1078 1620 putandumst!

211 1626 282 1706 quid
296 1627 393 1687 cordis
408 1627 511 1706 globus
522 1626 680 1690 autoouli‘?
703 1626 935 1709 quidmembra‘?
958 1625 1141 1708 quidartus?

212 1714 349 1794 quantula
374 1715 455 1776 sunt!
492 1717 562 1796 quid
584 1725 737 1797 praeterea
758 1717 920 1797 primordia
943 1735 1088 1797 quaeque,
1103 1738 1141 1777 rao

210 1802 288 1864 unde
312 1805 408 1864 anima
430 1811 517 1883 atque
540 1807 630 1866 animi
653 1814 767 1867 constet
788 1813 892 1867 natura
914 1801 1119 1866 necessumst?

139 1908 197 1959 120
210 1909 307 1951 nonne
330 1892 412 1953 rides
436 1911 524 1972 quam
546 1896 606 1955 sint
628 1893 746 1955 subtilia
769 1911 914 1974 quamque
937 1889 1069 1953 minuta?

142 1995 193 2045 160
211 1986 363 2059 praeterea
386 1998 587 2061 quaecumque
610 2001 663 2043 suo
687 1982 723 2043 de
746 2000 869 2061 corpore
893 1981 1012 2041 odorem

211 2070 346 2146 expirant
367 2087 479 2150 acrem,
500 2088 625 2149 panaces
648 2069 794 2130 absinthia
816 2077 909 2130 taetra

211 2155 423 2235 habrotonique
447 2176 550 2236 graves
572 2165 603 2218 et
623 2159 719 2219 tristia
742 2166 911 2238 centaurea,
1104 2181 1143 2220 125

142 2260 198 2312 124
211 2261 336 2323 quorum
358 2263 451 2306 unum
474 2244 588 2325 quidvis
610 2244 714 2305 leviter
735 2247 763 2305 si
783 2246 860 2306 forte
883 2245 997 2306 duobus
1104 2269 1143 2308 ne

633 2351 652 2391 s

78 2420 83 2429 ”
141 2437 197 2489 172
211 2439 338 2500 quorum
361 2419 499 2501 quantula
520 2439 589 2500 pars
612 2423 652 2481 sit
672 2423 768 2499 imago
791 2420 890 2482 dicere
913 2429 1028 2482 nemost
1105 2445 1144 2483 1⁷4

143 2524 194 2573 166
214 2511 265 2588 qui
287 2512 394 2589 possit,
416 2526 511 2586 neque
534 2527 598 2568 eam
620 2511 764 2569 rationem
787 2508 911 2569 reddero
934 2510 1029 2570 dictis.
1104 2532 1143 2572 1⁷5

143 2612 193 2662 141
256 2595 341 2657 Nunc
363 2615 398 2657 ea
420 2614 508 2676 quam
530 2596 609 2657 facili
631 2604 661 2657 et
683 2596 773 2657 celeri
795 2599 907 2657 ratione
930 2605 1075 2676 genantur
1105 2623 1143 2660 143

212 2692 413 2764 perpetuoque
436 2684 528 2745 lluant
549 2683 585 2744 ab
608 2683 697 2746 rebus
719 2684 858 2764 lapsaque
881 2685 986 2746 cedant

206 2878 323 2938 semper
344 2863 424 2920 onim
447 2878 594 2921 summum
616 2861 756 2941 quicquid
779 2861 815 2923 de
838 2861 928 2922 rebus
950 2860 1090 2943 abundat,
1105 2884 1144 2925 aec

215 2948 292 3027 quod
319 2947 491 3009 iaculentur.
528 2956 558 3009 et
584 2950 639 3010 hoc
665 2958 760 3011 certas
783 2968 850 3011 cum
871 2952 1006 3029 pervenit
1028 2953 1059 3009 in
1082 2968 1143 3031 reS,

145 3053 195 3101 160
213 3037 333 3116 transit,
355 3043 389 3097 ut
411 3038 442 3096 in
463 3039 567 3116 primis
589 3045 714 3100 restem:
737 3038 789 3099 sed
811 3037 873 3099 ubi¹
886 3055 989 3117 aspera
1012 3056 1079 3098 saxa

143 3140 197 3190 146
216 3130 266 3184 aut
287 3126 318 3183 in
340 3126 493 3185 materiam
516 3125 588 3204 ligni
609 3129 756 3207 pervenit,
778 3125 821 3187 ibi
842 3128 901 3186 iam

215 3211 371 3293 scinditur,
393 3220 427 3273 ut
449 3213 561 3274 nullum
585 3215 774 3276 simulacrum
796 3213 921 3275 reddere
943 3217 1045 3294 possit,

214 3307 243 3360 at
266 3317 332 3360 oum
356 3299 508 3379 splendida
530 3321 604 3382 quae
628 3310 763 3364 constant
784 3310 907 3383 opposta
929 3303 1048 3364 luerunt
1107 3326 1146 3365 1⁵0

215 3387 372 3470 densaque,
395 3392 481 3449 utin
503 3393 607 3469 primis
630 3389 819 3472 speculumst,
841 3390 884 3450 nil
906 3392 1014 3452 accidit
1030 3391 1144 3451 horum.

145 3493 196 3542 166
214 3495 282 3537 nam
300 3496 405 3559 neque,
427 3479 472 3538 uti
489 3485 609 3560 vestem,
631 3485 756 3558 possunt
773 3480 909 3560 transire,
932 3498 1028 3559 neque
1047 3487 1145 3540 autem

144 3581 197 3632 151
214 3565 321 3648 scindi;
345 3584 431 3645 quam
453 3568 588 3627 meminit
609 3566 689 3628 levor
711 3573 861 3649 praestare
885 3565 1017 3630 salutem.
