2438 3998
581 250 620 302 Vl
1044 247 1107 311 199

191 395 268 474 quod
293 396 371 475 lacit,
393 402 424 455 et
446 398 589 477 sequitur,
611 395 706 455 donec
728 396 862 474 pervenit
885 394 920 455 ad
943 397 1041 475 ipsum
1055 417 1108 458 10ιο

190 486 248 543 iam
271 483 399 562 lapidem
422 485 576 562 caecisque
599 486 630 543 in
654 501 689 544 eo
712 483 901 562 compagibus
924 483 1027 544 haesit

103 580 175 630 1015
189 572 245 632 hoc
268 571 403 632 itidem
426 579 547 632 cunctas
570 575 602 632 in
624 572 731 652 partis;
753 571 831 632 unde
855 572 959 632 vacelit

191 677 316 738 cumque
339 658 435 740 locus,
459 661 520 720 sive
544 678 560 720 e
583 666 751 720 transverso
774 663 835 720 sive
859 678 986 739 superne

103 765 172 815 1010
191 766 316 827 corpora
339 750 478 809 continuo
502 750 533 808 in
555 766 680 809 vacuum
702 749 798 809 vicina
821 748 968 808 feruntur:

191 839 300 916 quippe
323 838 470 914 agitantur
492 839 572 896 enim
593 836 687 915 plagis
711 835 841 917 aliunde,
864 855 919 897 nec
942 839 1005 916 ipsa
1055 860 1107 900 1000

191 931 295 1003 sponte
319 942 372 984 sua
395 942 513 985 sursum
535 932 661 1004 possunt
683 942 861 1003 consurgere
884 927 916 984 in
939 943 1033 986 auras,

105 1020 178 1071 1020
189 1013 248 1072 huc
271 1012 384 1073 accedit
407 1014 496 1094 item,
521 1031 610 1091 quare
634 1020 722 1091 queat
745 1013 775 1072 id
798 1015 890 1091 magis
914 1031 992 1093 esse,

190 1101 262 1162 haec
286 1118 402 1179 quoque
425 1119 474 1161 res
497 1100 680 1181 adiumento,
703 1108 858 1179 motusque
882 1103 1011 1181 iuvatur,

70 1178 80 1216 ¹
104 1205 172 1255 1015
191 1189 283 1268 quod,
306 1187 395 1248 simul
417 1206 434 1248 0
456 1189 583 1250 lrontest
605 1188 692 1249 anelli
714 1191 809 1249 rarior
832 1193 883 1248 aer

190 1278 285 1337 lactus
308 1278 496 1356 inanitusque
519 1276 602 1337 locus
624 1279 718 1355 magis
741 1295 775 1338 ac
797 1283 948 1357 vacuatus,
1055 1298 1108 1338 1025

191 1368 330 1426 continuo
353 1366 387 1425 fit
409 1367 454 1425 uti
477 1367 528 1443 qui
550 1371 618 1444 post
640 1377 686 1425 est
707 1383 833 1443 cumque
854 1365 965 1425 locatus
1055 1386 1107 1426 1000

102 1461 178 1513 1025
190 1459 241 1514 aer
263 1472 280 1513 a
302 1460 385 1531 tergo
410 1456 495 1532 quasi
516 1453 657 1531 provehat
679 1459 766 1531 atque
788 1452 940 1532 propellat
1055 1475 1108 1514 1020

192 1560 309 1621 semper
332 1543 411 1601 enim
434 1542 661 1620 circumpositus
683 1559 733 1601 res
755 1539 889 1601 verberat
912 1546 975 1601 aer:

104 1646 172 1695 1020
192 1630 243 1690 sed
266 1629 318 1690 tali
341 1629 374 1689 lit
396 1631 441 1690 uti
462 1629 607 1708 propellat
628 1636 760 1707 tempore
784 1629 909 1708 ferrum,

191 1725 273 1797 parte
297 1716 375 1797 quod
399 1735 435 1777 ex
458 1736 516 1778 una
540 1719 666 1796 spatium
688 1723 771 1776 vacat
793 1723 823 1777 et
845 1718 924 1794 capit
945 1718 976 1776 in
999 1734 1040 1776 se.

190 1807 248 1886 hic,
269 1805 325 1867 tibi
344 1823 432 1884 quem
450 1824 590 1886 memoro,
612 1823 667 1885 per
685 1804 789 1865 crebra
807 1804 949 1864 foramina
967 1805 1108 1868 lerri1000

103 1902 176 1953 1030
189 1912 294 1973 parvas
317 1893 352 1954 ad
375 1895 468 1972 partis
491 1893 640 1954 subtiliter
662 1895 842 1973 insinuatus,

190 1982 283 2043 trudit
306 1989 336 2042 et
358 1981 486 2062 inpellit,
510 1984 594 2060 quasi
616 1999 720 2042 navem
742 1980 863 2058 velaque
886 1987 999 2041 ventus.
1054 2004 1106 2044 roca

104 2086 172 2137 1025
192 2071 319 2149 denique
342 2088 391 2130 res
415 2088 518 2130 omnes
541 2069 650 2130 debent
672 2071 703 2129 in
727 2086 850 2147 corpore
872 2066 981 2128 hahere
1054 2092 1108 2132 1004

191 2164 272 2239 aera,
295 2158 532 2238 quandoquidem
555 2176 622 2219 raro
646 2164 715 2217 sunt
738 2175 861 2236 corpore
885 2163 914 2216 et
937 2161 987 2216 001
1054 2179 1106 2219 1005

192 2246 328 2307 omnibus
352 2253 398 2306 est
420 2244 510 2306 rebus
533 2246 732 2307 circumdatus
755 2245 971 2324 adpositusque.

102 2343 176 2394 1035
189 2336 238 2396 hic
261 2337 365 2415 igitur,
387 2336 506 2412 penitus
530 2336 635 2413 quiin
658 2334 766 2395 ferrost
788 2332 904 2393 abditus
928 2338 991 2414 aer,

192 2423 317 2483 sollicito
340 2429 424 2482 motu
447 2441 564 2500 semper
586 2424 711 2483 iactatur
734 2440 827 2501 eoque

104 2527 173 2578 1030
191 2510 327 2572 verberat
350 2510 477 2571 anellum
500 2510 590 2571 dubio
613 2510 717 2589 procul
740 2518 770 2570 et
792 2513 850 2570 ciet
872 2511 965 2590 intus,

192 2599 317 2660 scilicet:
340 2598 390 2658 ille
414 2598 518 2658 eodem
541 2599 648 2680 fertur,
671 2616 728 2677 quo
751 2600 953 2677 praecipitavit
1055 2621 1108 2660 1040

191 2691 249 2748 iam
272 2686 364 2748 semel
388 2694 418 2746 et
439 2694 553 2765 partem
575 2689 607 2747 in
629 2704 750 2748 vacuam
773 2688 925 2746 conamina
948 2687 1082 2764 sumpsit.

101 2783 176 2834 1040
235 2775 283 2835 Fit
306 2793 422 2853 quoque
446 2781 479 2834 ut
502 2793 518 2834 a
540 2774 635 2854 lapide
658 2775 714 2834 hoc
737 2775 809 2834 ferri
831 2781 935 2835 natura
957 2773 1076 2834 recedat

192 2863 354 2943 interdum,
377 2864 479 2941 lugere
503 2870 590 2940 atque
614 2865 699 2942 sequi
722 2869 862 2922 consueta
884 2863 1022 2921 vicissim.

104 2968 172 3017 1035
192 2952 323 3012 exultare
348 2954 437 3012 etiam
461 2950 660 3011 Samothracia
683 2950 778 3010 lerrea
800 2950 862 3009 vidi

192 3046 375 3101 stramenta
398 3038 486 3099 simul
508 3039 581 3099 ferri
603 3038 702 3099 lurore
725 3040 805 3098 intus
829 3038 930 3097 ahenis
1055 3059 1107 3099 1οο

190 3130 222 3189 in
245 3127 386 3208 scaphiis,
409 3126 483 3206 lapis
505 3127 554 3187 hic
576 3125 695 3206 Magnes
718 3145 786 3187 cum
809 3125 944 3186 subditus
968 3131 1059 3184 esset:

102 3224 175 3274 1045
191 3235 285 3296 usque
309 3215 381 3276 adeo
405 3217 507 3294 lugere
531 3214 566 3274 ab
590 3233 659 3275 saxo
683 3217 792 3293 gestire
815 3214 939 3274 videtur.

191 3323 258 3366 aere
282 3306 456 3382 interposito
481 3303 628 3364 discordia
650 3310 730 3364 tanta
753 3310 870 3363 creatur

101 3409 171 3460 1040
190 3400 329 3472 proptera
352 3395 433 3474 quia,
456 3394 608 3472 nimirum,
631 3393 715 3470 prius
739 3399 836 3452 aestus
859 3388 912 3451 ubi
935 3392 1012 3451 aeris

190 3481 340 3560 praecepit
363 3481 494 3559 ferrique
517 3482 578 3540 vias
601 3480 734 3558 possedit
757 3487 886 3559 apertas,
1055 3497 1108 3539 1000

189 3571 338 3649 posterior
360 3567 466 3646 lapidis
489 3571 569 3628 venit
592 3575 691 3628 aestus
715 3574 744 3628 et
767 3570 864 3627 omnia
887 3565 973 3645 plena
