<?xml version="1.0" encoding="UTF-8"?>
<!DOCTYPE html PUBLIC "-//W3C//DTD XHTML 1.0 Transitional//EN"
    "http://www.w3.org/TR/xhtml1/DTD/xhtml1-transitional.dtd">
<html xmlns="http://www.w3.org/1999/xhtml" xml:lang="en" lang="en">
 <head>
  <title>
</title>
<meta http-equiv="Content-Type" content="text/html;charset=utf-8" />
  <meta name='ocr-system' content='tesseract 3.04.00' />
  <meta name='ocr-capabilities' content='ocr_page ocr_carea ocr_par ocr_line ocrx_word'/>
</head>
<body>
  <div class='ocr_page' id='page_1' title='image "./tlucreticarider02carugoog_0210.png"; bbox 0 0 2438 3998; ppageno 0'>
   <div class='ocr_carea' id='block_1_1' title="bbox 549 244 589 298">
    <p class='ocr_par' dir='ltr' id='par_1_1' title="bbox 549 244 589 298">
     <span class='ocr_line' id='line_1_1' title="bbox 549 244 589 298; baseline 0 0"><span class='ocrx_word' id='word_1_1' title='bbox 549 244 589 298; x_wconf 91' lang='lat' dir='ltr'>IV</span> 
     </span>
    </p>
   </div>
   <div class='ocr_carea' id='block_1_2' title="bbox 70 390 1094 3647">
    <p class='ocr_par' dir='ltr' id='par_1_2' title="bbox 70 390 910 474">
     <span class='ocr_line' id='line_1_2' title="bbox 70 390 910 474; baseline 0.007 -26"><span class='ocrx_word' id='word_1_2' title='bbox 70 405 126 456; x_wconf 83' lang='lat'>910</span> <span class='ocrx_word' id='word_1_3' title='bbox 142 407 179 451; x_wconf 88' lang='lat' dir='ltr'>ne</span> <span class='ocrx_word' id='word_1_4' title='bbox 202 390 270 450; x_wconf 87' lang='lat' dir='ltr'>fieri</span> <span class='ocrx_word' id='word_1_5' title='bbox 291 391 405 467; x_wconf 83' lang='lat' dir='ltr'>negites</span> <span class='ocrx_word' id='word_1_6' title='bbox 429 409 503 469; x_wconf 87' lang='lat' dir='ltr'>quae</span> <span class='ocrx_word' id='word_1_7' title='bbox 527 390 622 452; x_wconf 91' lang='lat' dir='ltr'>dicam</span> <span class='ocrx_word' id='word_1_8' title='bbox 644 408 747 474; x_wconf 90' lang='lat' dir='ltr'>posse,</span> <span class='ocrx_word' id='word_1_9' title='bbox 770 401 910 473; x_wconf 90' lang='lat' dir='ltr'>retroque</span> 
     </span>
    </p>

    <p class='ocr_par' dir='ltr' id='par_1_3' title="bbox 71 477 1094 823">
     <span class='ocr_line' id='line_1_3' title="bbox 71 477 809 562; baseline 0 -20"><span class='ocrx_word' id='word_1_10' title='bbox 71 492 123 543; x_wconf 77' lang='lat'>896</span> <span class='ocrx_word' id='word_1_11' title='bbox 141 495 210 538; x_wconf 88' lang='lat' dir='ltr'>vera</span> <span class='ocrx_word' id='word_1_12' title='bbox 233 477 395 557; x_wconf 81' lang='lat' dir='ltr'>repulsanti</span> <span class='ocrx_word' id='word_1_13' title='bbox 417 478 551 539; x_wconf 85' lang='lat' dir='ltr'>discedas</span> <span class='ocrx_word' id='word_1_14' title='bbox 574 487 695 558; x_wconf 90' lang='lat' dir='ltr'>pectore</span> <span class='ocrx_word' id='word_1_15' title='bbox 718 480 809 562; x_wconf 90' lang='lat' dir='ltr'>dicta,</span> 
     </span>
     <span class='ocr_line' id='line_1_4' title="bbox 135 565 1078 649; baseline 0.005 -23"><span class='ocrx_word' id='word_1_16' title='bbox 135 572 266 626; x_wconf 85' lang='lat' dir='ltr'>tutemet</span> <span class='ocrx_word' id='word_1_17' title='bbox 288 568 320 627; x_wconf 88' lang='lat' dir='ltr'>in</span> <span class='ocrx_word' id='word_1_18' title='bbox 343 565 427 645; x_wconf 91' lang='lat' dir='ltr'>eulpa</span> <span class='ocrx_word' id='word_1_19' title='bbox 450 585 518 627; x_wconf 89' lang='lat' dir='ltr'>cum</span> <span class='ocrx_word' id='word_1_20' title='bbox 541 569 584 627; x_wconf 89' lang='lat' dir='ltr'>sis</span> <span class='ocrx_word' id='word_1_21' title='bbox 606 585 702 647; x_wconf 90' lang='lat' dir='ltr'>neque</span> <span class='ocrx_word' id='word_1_22' title='bbox 725 587 848 630; x_wconf 89' lang='lat' dir='ltr'>cernere</span> <span class='ocrx_word' id='word_1_23' title='bbox 871 571 978 649; x_wconf 89' lang='lat' dir='ltr'>possis.</span> <span class='ocrx_word' id='word_1_24' title='bbox 1039 589 1078 632; x_wconf 81' lang='lat' dir='ltr'>ors</span> 
     </span>
     <span class='ocr_line' id='line_1_5' title="bbox 142 653 1094 736; baseline 0.004 -21"><span class='ocrx_word' id='word_1_25' title='bbox 142 656 290 735; x_wconf 88' lang='lat' dir='ltr'>principio</span> <span class='ocrx_word' id='word_1_26' title='bbox 314 672 435 715; x_wconf 88' lang='lat' dir='ltr'>somnus</span> <span class='ocrx_word' id='word_1_27' title='bbox 456 655 491 715; x_wconf 86' lang='lat' dir='ltr'>lit</span> <span class='ocrx_word' id='word_1_28' title='bbox 513 654 594 717; x_wconf 91' lang='lat' dir='ltr'>ubist</span> <span class='ocrx_word' id='word_1_29' title='bbox 616 655 756 718; x_wconf 88' lang='lat' dir='ltr'>distracta</span> <span class='ocrx_word' id='word_1_30' title='bbox 777 675 832 736; x_wconf 92' lang='lat' dir='ltr'>per</span> <span class='ocrx_word' id='word_1_31' title='bbox 854 665 935 719; x_wconf 89' lang='lat' dir='ltr'>artus</span> <span class='ocrx_word' id='word_1_32' title='bbox 1092 653 1094 657; x_wconf 69' lang='grc'>’</span> 
     </span>
     <span class='ocr_line' id='line_1_6' title="bbox 143 744 879 823; baseline 0.005 -21"><span class='ocrx_word' id='word_1_33' title='bbox 143 745 188 803; x_wconf 86' lang='lat' dir='ltr'>vis</span> <span class='ocrx_word' id='word_1_34' title='bbox 210 745 324 803; x_wconf 92' lang='lat' dir='ltr'>animae</span> <span class='ocrx_word' id='word_1_35' title='bbox 347 745 513 823; x_wconf 89' lang='lat' dir='ltr'>partimque</span> <span class='ocrx_word' id='word_1_36' title='bbox 537 744 615 804; x_wconf 81' lang='lat' dir='ltr'>toras</span> <span class='ocrx_word' id='word_1_37' title='bbox 638 746 732 805; x_wconf 89' lang='lat' dir='ltr'>eiecta</span> <span class='ocrx_word' id='word_1_38' title='bbox 754 748 879 807; x_wconf 81' lang='lat' dir='ltr'>recessit</span> 
     </span>
    </p>

    <p class='ocr_par' dir='ltr' id='par_1_4' title="bbox 71 833 928 910">
     <span class='ocr_line' id='line_1_7' title="bbox 71 833 928 910; baseline 0.004 -18"><span class='ocrx_word' id='word_1_39' title='bbox 71 846 127 899; x_wconf 85' lang='lat'>915</span> <span class='ocrx_word' id='word_1_40' title='bbox 143 839 173 892; x_wconf 92' lang='lat' dir='ltr'>et</span> <span class='ocrx_word' id='word_1_41' title='bbox 194 833 302 910; x_wconf 91' lang='lat' dir='ltr'>partim</span> <span class='ocrx_word' id='word_1_42' title='bbox 325 838 463 892; x_wconf 83' lang='lat' dir='ltr'>contrusa</span> <span class='ocrx_word' id='word_1_43' title='bbox 485 834 579 910; x_wconf 90' lang='lat' dir='ltr'>magis</span> <span class='ocrx_word' id='word_1_44' title='bbox 602 835 749 893; x_wconf 88' lang='lat' dir='ltr'>concessit</span> <span class='ocrx_word' id='word_1_45' title='bbox 770 835 801 893; x_wconf 91' lang='lat' dir='ltr'>iu</span> <span class='ocrx_word' id='word_1_46' title='bbox 825 833 928 895; x_wconf 88' lang='lat' dir='ltr'>altum:</span> 
     </span>
    </p>

    <p class='ocr_par' dir='ltr' id='par_1_5' title="bbox 72 918 1087 1265">
     <span class='ocr_line' id='line_1_8' title="bbox 72 918 1016 1001; baseline -0.001 -17"><span class='ocrx_word' id='word_1_47' title='bbox 72 935 125 986; x_wconf 92' lang='grc'>900</span> <span class='ocrx_word' id='word_1_48' title='bbox 144 918 347 980; x_wconf 90' lang='lat' dir='ltr'>dissoluuntur</span> <span class='ocrx_word' id='word_1_49' title='bbox 370 922 449 980; x_wconf 90' lang='lat' dir='ltr'>enim</span> <span class='ocrx_word' id='word_1_50' title='bbox 471 927 535 981; x_wconf 91' lang='lat' dir='ltr'>tum</span> <span class='ocrx_word' id='word_1_51' title='bbox 558 919 677 981; x_wconf 91' lang='lat' dir='ltr'>demum</span> <span class='ocrx_word' id='word_1_52' title='bbox 699 920 831 985; x_wconf 89' lang='lat' dir='ltr'>membra</span> <span class='ocrx_word' id='word_1_53' title='bbox 854 922 1016 1001; x_wconf 85' lang='lat' dir='ltr'>fluuntque.</span> 
     </span>
     <span class='ocr_line' id='line_1_9' title="bbox 143 1007 1080 1089; baseline 0.005 -21"><span class='ocrx_word' id='word_1_54' title='bbox 143 1026 211 1068; x_wconf 86' lang='lat' dir='ltr'>nam</span> <span class='ocrx_word' id='word_1_55' title='bbox 234 1007 356 1068; x_wconf 89' lang='lat' dir='ltr'>dublum</span> <span class='ocrx_word' id='word_1_56' title='bbox 379 1026 439 1068; x_wconf 91' lang='lat' dir='ltr'>nou</span> <span class='ocrx_word' id='word_1_57' title='bbox 462 1015 520 1089; x_wconf 88' lang='lat' dir='ltr'>est,</span> <span class='ocrx_word' id='word_1_58' title='bbox 543 1011 652 1070; x_wconf 89' lang='lat' dir='ltr'>animai</span> <span class='ocrx_word' id='word_1_59' title='bbox 674 1010 746 1088; x_wconf 90' lang='lat' dir='ltr'>quin</span> <span class='ocrx_word' id='word_1_60' title='bbox 769 1026 858 1089; x_wconf 90' lang='lat' dir='ltr'>opera</span> <span class='ocrx_word' id='word_1_61' title='bbox 880 1012 920 1071; x_wconf 91' lang='lat' dir='ltr'>sit</span> <span class='ocrx_word' id='word_1_62' title='bbox 1039 1032 1080 1073; x_wconf 82' lang='lat' dir='ltr'>om</span> 
     </span>
     <span class='ocr_line' id='line_1_10' title="bbox 145 1096 1051 1178; baseline 0.002 -22"><span class='ocrx_word' id='word_1_63' title='bbox 145 1114 250 1157; x_wconf 89' lang='lat' dir='ltr'>sensus</span> <span class='ocrx_word' id='word_1_64' title='bbox 272 1096 322 1156; x_wconf 91' lang='lat' dir='ltr'>hie</span> <span class='ocrx_word' id='word_1_65' title='bbox 344 1098 376 1156; x_wconf 89' lang='lat' dir='ltr'>in</span> <span class='ocrx_word' id='word_1_66' title='bbox 398 1096 498 1177; x_wconf 89' lang='lat' dir='ltr'>uobis,</span> <span class='ocrx_word' id='word_1_67' title='bbox 520 1115 609 1175; x_wconf 94' lang='lat' dir='ltr'>quem</span> <span class='ocrx_word' id='word_1_68' title='bbox 632 1115 700 1158; x_wconf 93' lang='lat' dir='ltr'>cum</span> <span class='ocrx_word' id='word_1_69' title='bbox 723 1115 813 1176; x_wconf 91' lang='lat' dir='ltr'>sopor</span> <span class='ocrx_word' id='word_1_70' title='bbox 834 1098 949 1176; x_wconf 88' lang='lat' dir='ltr'>inpedit</span> <span class='ocrx_word' id='word_1_71' title='bbox 971 1116 1051 1178; x_wconf 90' lang='lat' dir='ltr'>esse,</span> 
     </span>
     <span class='ocr_line' id='line_1_11' title="bbox 143 1183 1087 1265; baseline 0.002 -20"><span class='ocrx_word' id='word_1_72' title='bbox 143 1193 206 1245; x_wconf 92' lang='lat' dir='ltr'>tum</span> <span class='ocrx_word' id='word_1_73' title='bbox 228 1183 314 1244; x_wconf 89' lang='lat' dir='ltr'>nobis</span> <span class='ocrx_word' id='word_1_74' title='bbox 337 1186 464 1245; x_wconf 88' lang='lat' dir='ltr'>animam</span> <span class='ocrx_word' id='word_1_75' title='bbox 486 1184 687 1263; x_wconf 86' lang='lat' dir='ltr'>perturbatam</span> <span class='ocrx_word' id='word_1_76' title='bbox 709 1203 775 1246; x_wconf 91' lang='lat' dir='ltr'>esse</span> <span class='ocrx_word' id='word_1_77' title='bbox 798 1186 989 1265; x_wconf 85' lang='lat' dir='ltr'>putandumst</span> <span class='ocrx_word' id='word_1_78' title='bbox 1084 1228 1087 1233; x_wconf 85' lang='lat'><strong>·</strong></span> 
     </span>
    </p>

    <p class='ocr_par' dir='ltr' id='par_1_6' title="bbox 74 1273 957 1353">
     <span class='ocr_line' id='line_1_12' title="bbox 74 1273 957 1353; baseline 0.002 -21"><span class='ocrx_word' id='word_1_79' title='bbox 74 1288 132 1340; x_wconf 74' lang='grc'>000</span> <span class='ocrx_word' id='word_1_80' title='bbox 144 1275 325 1351; x_wconf 88' lang='lat' dir='ltr'>eiectamque</span> <span class='ocrx_word' id='word_1_81' title='bbox 348 1273 439 1353; x_wconf 82' lang='lat' dir='ltr'>loras3</span> <span class='ocrx_word' id='word_1_82' title='bbox 462 1291 522 1333; x_wconf 91' lang='lat' dir='ltr'>non</span> <span class='ocrx_word' id='word_1_83' title='bbox 545 1291 675 1333; x_wconf 85' lang='lat' dir='ltr'>omnem:</span> <span class='ocrx_word' id='word_1_84' title='bbox 698 1292 824 1353; x_wconf 89' lang='lat' dir='ltr'>namque</span> <span class='ocrx_word' id='word_1_85' title='bbox 847 1277 957 1335; x_wconf 87' lang='lat' dir='ltr'>iaceret</span> 
     </span>
    </p>

    <p class='ocr_par' dir='ltr' id='par_1_7' title="bbox 74 1361 1081 1705">
     <span class='ocr_line' id='line_1_13' title="bbox 74 1361 786 1440; baseline -0.006 -13"><span class='ocrx_word' id='word_1_86' title='bbox 74 1377 126 1427; x_wconf 80' lang='grc'>900</span> <span class='ocrx_word' id='word_1_87' title='bbox 145 1369 265 1422; x_wconf 86' lang='lat' dir='ltr'>aeterno</span> <span class='ocrx_word' id='word_1_88' title='bbox 288 1379 396 1440; x_wconf 89' lang='lat' dir='ltr'>corpus</span> <span class='ocrx_word' id='word_1_89' title='bbox 419 1361 571 1439; x_wconf 83' lang='lat' dir='ltr'>perfusum</span> <span class='ocrx_word' id='word_1_90' title='bbox 593 1361 703 1439; x_wconf 82' lang='lat' dir='ltr'>frigore</span> <span class='ocrx_word' id='word_1_91' title='bbox 726 1361 786 1423; x_wconf 93' lang='lat' dir='ltr'>leti.</span> 
     </span>
     <span class='ocr_line' id='line_1_14' title="bbox 145 1448 1081 1529; baseline 0.003 -21"><span class='ocrx_word' id='word_1_92' title='bbox 145 1452 266 1529; x_wconf 92' lang='lat' dir='ltr'>quippe,</span> <span class='ocrx_word' id='word_1_93' title='bbox 289 1448 341 1509; x_wconf 91' lang='lat' dir='ltr'>uhi</span> <span class='ocrx_word' id='word_1_94' title='bbox 362 1448 441 1509; x_wconf 87' lang='lat' dir='ltr'>nulla</span> <span class='ocrx_word' id='word_1_95' title='bbox 464 1448 558 1509; x_wconf 89' lang='lat' dir='ltr'>latens</span> <span class='ocrx_word' id='word_1_96' title='bbox 581 1452 690 1510; x_wconf 86' lang='lat' dir='ltr'>animai</span> <span class='ocrx_word' id='word_1_97' title='bbox 711 1469 779 1529; x_wconf 92' lang='lat' dir='ltr'>pars</span> <span class='ocrx_word' id='word_1_98' title='bbox 802 1457 969 1511; x_wconf 87' lang='lat' dir='ltr'>remaneret</span> <span class='ocrx_word' id='word_1_99' title='bbox 1040 1470 1081 1512; x_wconf 79' lang='lat' dir='ltr'>oso</span> 
     </span>
     <span class='ocr_line' id='line_1_15' title="bbox 145 1536 995 1619; baseline 0 -21"><span class='ocrx_word' id='word_1_100' title='bbox 145 1540 176 1598; x_wconf 93' lang='lat' dir='ltr'>in</span> <span class='ocrx_word' id='word_1_101' title='bbox 198 1536 353 1617; x_wconf 74' lang='lat' dir='ltr'>membrlS,</span> <span class='ocrx_word' id='word_1_102' title='bbox 376 1539 475 1597; x_wconf 91' lang='lat' dir='ltr'>cinere</span> <span class='ocrx_word' id='word_1_103' title='bbox 498 1544 531 1598; x_wconf 91' lang='lat' dir='ltr'>ut</span> <span class='ocrx_word' id='word_1_104' title='bbox 553 1536 645 1598; x_wconf 89' lang='lat' dir='ltr'>multa</span> <span class='ocrx_word' id='word_1_105' title='bbox 666 1537 737 1598; x_wconf 90' lang='lat' dir='ltr'>latet</span> <span class='ocrx_word' id='word_1_106' title='bbox 759 1538 882 1599; x_wconf 90' lang='lat' dir='ltr'>obrutus</span> <span class='ocrx_word' id='word_1_107' title='bbox 904 1541 995 1619; x_wconf 91' lang='lat' dir='ltr'>ignis,</span> 
     </span>
     <span class='ocr_line' id='line_1_16' title="bbox 145 1625 905 1705; baseline 0.001 -19"><span class='ocrx_word' id='word_1_108' title='bbox 145 1626 222 1686; x_wconf 90' lang='lat' dir='ltr'>unde</span> <span class='ocrx_word' id='word_1_109' title='bbox 245 1625 402 1686; x_wconf 87' lang='lat' dir='ltr'>reconflari</span> <span class='ocrx_word' id='word_1_110' title='bbox 425 1643 530 1686; x_wconf 91' lang='lat' dir='ltr'>sensus</span> <span class='ocrx_word' id='word_1_111' title='bbox 552 1643 607 1704; x_wconf 91' lang='lat' dir='ltr'>per</span> <span class='ocrx_word' id='word_1_112' title='bbox 628 1626 761 1687; x_wconf 88' lang='lat' dir='ltr'>membra</span> <span class='ocrx_word' id='word_1_113' title='bbox 783 1633 905 1705; x_wconf 89' lang='lat' dir='ltr'>repente</span> 
     </span>
    </p>

    <p class='ocr_par' dir='ltr' id='par_1_8' title="bbox 74 1710 930 1794">
     <span class='ocr_line' id='line_1_17' title="bbox 74 1710 930 1794; baseline -0.006 -14"><span class='ocrx_word' id='word_1_114' title='bbox 74 1729 131 1781; x_wconf 83' lang='lat'>925</span> <span class='ocrx_word' id='word_1_115' title='bbox 145 1720 259 1794; x_wconf 92' lang='lat' dir='ltr'>posset,</span> <span class='ocrx_word' id='word_1_116' title='bbox 281 1721 315 1774; x_wconf 94' lang='lat' dir='ltr'>ut</span> <span class='ocrx_word' id='word_1_117' title='bbox 337 1732 373 1774; x_wconf 85' lang='lat' dir='ltr'>ex</span> <span class='ocrx_word' id='word_1_118' title='bbox 395 1715 458 1792; x_wconf 90' lang='lat' dir='ltr'>igni</span> <span class='ocrx_word' id='word_1_119' title='bbox 480 1731 567 1774; x_wconf 89' lang='lat' dir='ltr'>caeco</span> <span class='ocrx_word' id='word_1_120' title='bbox 591 1731 770 1793; x_wconf 81' lang='lat' dir='ltr'>consurgere</span> <span class='ocrx_word' id='word_1_121' title='bbox 792 1710 930 1775; x_wconf 82' lang='lat' dir='ltr'>flamma?</span> 
     </span>
    </p>

    <p class='ocr_par' dir='ltr' id='par_1_9' title="bbox 74 1800 1081 2149">
     <span class='ocr_line' id='line_1_18' title="bbox 74 1800 1017 1883; baseline -0.007 -14"><span class='ocrx_word' id='word_1_122' title='bbox 74 1818 127 1868; x_wconf 87' lang='grc'>910</span> <span class='ocrx_word' id='word_1_123' title='bbox 190 1801 247 1863; x_wconf 91' lang='lat' dir='ltr'>Sed</span> <span class='ocrx_word' id='word_1_124' title='bbox 271 1801 377 1881; x_wconf 89' lang='lat' dir='ltr'>quibus</span> <span class='ocrx_word' id='word_1_125' title='bbox 400 1802 472 1862; x_wconf 88' lang='lat' dir='ltr'>haee</span> <span class='ocrx_word' id='word_1_126' title='bbox 494 1800 585 1862; x_wconf 87' lang='lat' dir='ltr'>rebus</span> <span class='ocrx_word' id='word_1_127' title='bbox 607 1805 721 1863; x_wconf 86' lang='lat' dir='ltr'>novitas</span> <span class='ocrx_word' id='word_1_128' title='bbox 743 1803 917 1883; x_wconf 87' lang='lat' dir='ltr'>confiat,·et</span> <span class='ocrx_word' id='word_1_129' title='bbox 938 1802 1017 1863; x_wconf 89' lang='lat' dir='ltr'>unde</span> 
     </span>
     <span class='ocr_line' id='line_1_19' title="bbox 145 1889 1081 1971; baseline 0.003 -20"><span class='ocrx_word' id='word_1_130' title='bbox 145 1890 313 1970; x_wconf 91' lang='lat' dir='ltr'>perturbari</span> <span class='ocrx_word' id='word_1_131' title='bbox 335 1892 432 1950; x_wconf 87' lang='lat' dir='ltr'>anima</span> <span class='ocrx_word' id='word_1_132' title='bbox 454 1898 484 1950; x_wconf 90' lang='lat' dir='ltr'>et</span> <span class='ocrx_word' id='word_1_133' title='bbox 506 1908 614 1969; x_wconf 83' lang='lat' dir='ltr'>corpus</span> <span class='ocrx_word' id='word_1_134' title='bbox 636 1889 827 1969; x_wconf 83' lang='lat' dir='ltr'>languescere</span> <span class='ocrx_word' id='word_1_135' title='bbox 848 1893 956 1971; x_wconf 81' lang='lat' dir='ltr'>possit,</span> <span class='ocrx_word' id='word_1_136' title='bbox 1040 1913 1081 1954; x_wconf 83' lang='grc'>900</span> 
     </span>
     <span class='ocr_line' id='line_1_20' title="bbox 146 1978 930 2058; baseline 0 -19"><span class='ocrx_word' id='word_1_137' title='bbox 146 1978 311 2058; x_wconf 82' lang='lat' dir='ltr'>expediam:</span> <span class='ocrx_word' id='word_1_138' title='bbox 335 1985 368 2038; x_wconf 93' lang='lat' dir='ltr'>tu</span> <span class='ocrx_word' id='word_1_139' title='bbox 390 1978 435 2039; x_wconf 88' lang='grc'>100</span> <span class='ocrx_word' id='word_1_140' title='bbox 453 1988 495 2039; x_wconf 72' lang='lat' dir='ltr'>‘ne</span> <span class='ocrx_word' id='word_1_141' title='bbox 518 1981 614 2039; x_wconf 87' lang='lat' dir='ltr'>ventis</span> <span class='ocrx_word' id='word_1_142' title='bbox 636 1978 725 2039; x_wconf 86' lang='lat' dir='ltr'>verba</span> <span class='ocrx_word' id='word_1_143' title='bbox 747 1978 930 2058; x_wconf 76' lang='lat' dir='ltr'>profundam.</span> 
     </span>
     <span class='ocr_line' id='line_1_21' title="bbox 145 2067 951 2149; baseline 0 -22"><span class='ocrx_word' id='word_1_144' title='bbox 145 2069 291 2146; x_wconf 88' lang='lat' dir='ltr'>principio</span> <span class='ocrx_word' id='word_1_145' title='bbox 315 2074 436 2127; x_wconf 81' lang='lat' dir='ltr'>externa</span> <span class='ocrx_word' id='word_1_146' title='bbox 459 2084 566 2145; x_wconf 90' lang='lat' dir='ltr'>eorpus</span> <span class='ocrx_word' id='word_1_147' title='bbox 589 2067 626 2127; x_wconf 93' lang='lat' dir='ltr'>de</span> <span class='ocrx_word' id='word_1_148' title='bbox 648 2074 731 2146; x_wconf 91' lang='lat' dir='ltr'>parte</span> <span class='ocrx_word' id='word_1_149' title='bbox 753 2074 951 2149; x_wconf 85' lang='lat' dir='ltr'>necessumst,</span> 
     </span>
    </p>

    <p class='ocr_par' dir='ltr' id='par_1_10' title="bbox 75 2156 815 2236">
     <span class='ocr_line' id='line_1_22' title="bbox 75 2156 815 2236; baseline -0.001 -21"><span class='ocrx_word' id='word_1_150' title='bbox 75 2171 130 2222; x_wconf 88' lang='lat'>930</span> <span class='ocrx_word' id='word_1_151' title='bbox 144 2157 233 2216; x_wconf 73' lang='lat' dir='ltr'>aeriis</span> <span class='ocrx_word' id='word_1_152' title='bbox 257 2157 394 2234; x_wconf 89' lang='lat' dir='ltr'>quoniam</span> <span class='ocrx_word' id='word_1_153' title='bbox 417 2156 547 2215; x_wconf 88' lang='lat' dir='ltr'>vicinum</span> <span class='ocrx_word' id='word_1_154' title='bbox 569 2157 699 2232; x_wconf 83' lang='lat' dir='ltr'>tangitur</span> <span class='ocrx_word' id='word_1_155' title='bbox 722 2157 815 2236; x_wconf 88' lang='lat' dir='ltr'>auris,</span> 
     </span>
    </p>

    <p class='ocr_par' dir='ltr' id='par_1_11' title="bbox 75 2242 1081 2587">
     <span class='ocr_line' id='line_1_23' title="bbox 75 2242 857 2324; baseline -0.005 -16"><span class='ocrx_word' id='word_1_156' title='bbox 75 2258 127 2309; x_wconf 77' lang='grc'>919</span> <span class='ocrx_word' id='word_1_157' title='bbox 145 2244 266 2303; x_wconf 87' lang='lat' dir='ltr'>tundier</span> <span class='ocrx_word' id='word_1_158' title='bbox 288 2251 375 2321; x_wconf 88' lang='lat' dir='ltr'>atque</span> <span class='ocrx_word' id='word_1_159' title='bbox 399 2246 464 2304; x_wconf 91' lang='lat' dir='ltr'>eius</span> <span class='ocrx_word' id='word_1_160' title='bbox 486 2242 591 2303; x_wconf 90' lang='lat' dir='ltr'>crebro</span> <span class='ocrx_word' id='word_1_161' title='bbox 614 2242 760 2322; x_wconf 87' lang='lat' dir='ltr'>pulsarier</span> <span class='ocrx_word' id='word_1_162' title='bbox 782 2245 857 2324; x_wconf 90' lang='lat' dir='ltr'>ictu,</span> 
     </span>
     <span class='ocr_line' id='line_1_24' title="bbox 146 2332 1081 2411; baseline 0.003 -19"><span class='ocrx_word' id='word_1_163' title='bbox 146 2340 361 2411; x_wconf 88' lang='lat' dir='ltr'>proptereaque</span> <span class='ocrx_word' id='word_1_164' title='bbox 383 2332 445 2392; x_wconf 86' lang='lat' dir='ltr'>fere</span> <span class='ocrx_word' id='word_1_165' title='bbox 468 2348 517 2391; x_wconf 89' lang='lat' dir='ltr'>res</span> <span class='ocrx_word' id='word_1_166' title='bbox 540 2349 642 2391; x_wconf 91' lang='lat' dir='ltr'>omnes</span> <span class='ocrx_word' id='word_1_167' title='bbox 666 2338 716 2392; x_wconf 91' lang='lat' dir='ltr'>aut</span> <span class='ocrx_word' id='word_1_168' title='bbox 738 2333 819 2392; x_wconf 88' lang='lat' dir='ltr'>corio</span> <span class='ocrx_word' id='word_1_169' title='bbox 842 2339 912 2392; x_wconf 91' lang='lat' dir='ltr'>sunt</span> <span class='ocrx_word' id='word_1_170' title='bbox 1041 2353 1081 2395; x_wconf 81' lang='lat' dir='ltr'>eoo</span> 
     </span>
     <span class='ocr_line' id='line_1_25' title="bbox 146 2419 949 2481; baseline 0.001 -1"><span class='ocrx_word' id='word_1_171' title='bbox 146 2422 306 2480; x_wconf 86' lang='lat' dir='ltr'>autetiam</span> <span class='ocrx_word' id='word_1_172' title='bbox 330 2420 449 2480; x_wconf 89' lang='lat' dir='ltr'>conchis</span> <span class='ocrx_word' id='word_1_173' title='bbox 472 2428 522 2480; x_wconf 91' lang='lat' dir='ltr'>aut</span> <span class='ocrx_word' id='word_1_174' title='bbox 545 2419 618 2480; x_wconf 87' lang='lat' dir='ltr'>callo</span> <span class='ocrx_word' id='word_1_175' title='bbox 641 2426 691 2480; x_wconf 92' lang='lat' dir='ltr'>aut</span> <span class='ocrx_word' id='word_1_176' title='bbox 713 2421 823 2480; x_wconf 89' lang='lat' dir='ltr'>cortice</span> <span class='ocrx_word' id='word_1_177' title='bbox 847 2426 949 2481; x_wconf 90' lang='lat' dir='ltr'>tectae.</span> 
     </span>
     <span class='ocr_line' id='line_1_26' title="bbox 147 2506 845 2587; baseline -0.003 -18"><span class='ocrx_word' id='word_1_178' title='bbox 147 2510 320 2569; x_wconf 90' lang='lat' dir='ltr'>interiorem</span> <span class='ocrx_word' id='word_1_179' title='bbox 343 2511 430 2568; x_wconf 90' lang='lat' dir='ltr'>etiam</span> <span class='ocrx_word' id='word_1_180' title='bbox 452 2515 567 2587; x_wconf 91' lang='lat' dir='ltr'>partem</span> <span class='ocrx_word' id='word_1_181' title='bbox 590 2506 771 2586; x_wconf 87' lang='lat' dir='ltr'>spirantibus</span> <span class='ocrx_word' id='word_1_182' title='bbox 794 2512 845 2568; x_wconf 73' lang='grc'>090</span> 
     </span>
    </p>

    <p class='ocr_par' dir='ltr' id='par_1_12' title="bbox 73 2595 960 2676">
     <span class='ocr_line' id='line_1_27' title="bbox 73 2595 960 2676; baseline 0 -20"><span class='ocrx_word' id='word_1_183' title='bbox 73 2612 130 2664; x_wconf 85' lang='lat'>935</span> <span class='ocrx_word' id='word_1_184' title='bbox 147 2596 283 2657; x_wconf 88' lang='lat' dir='ltr'>verberat</span> <span class='ocrx_word' id='word_1_185' title='bbox 304 2595 353 2656; x_wconf 91' lang='lat' dir='ltr'>hic</span> <span class='ocrx_word' id='word_1_186' title='bbox 375 2596 466 2676; x_wconf 89' lang='lat' dir='ltr'>idem,</span> <span class='ocrx_word' id='word_1_187' title='bbox 489 2614 557 2657; x_wconf 90' lang='lat' dir='ltr'>cum</span> <span class='ocrx_word' id='word_1_188' title='bbox 580 2596 698 2656; x_wconf 89' lang='lat' dir='ltr'>ducitur</span> <span class='ocrx_word' id='word_1_189' title='bbox 721 2603 808 2674; x_wconf 89' lang='lat' dir='ltr'>atque</span> <span class='ocrx_word' id='word_1_190' title='bbox 831 2595 960 2656; x_wconf 90' lang='lat' dir='ltr'>rellatur.</span> 
     </span>
    </p>

    <p class='ocr_par' dir='ltr' id='par_1_13' title="bbox 75 2683 1082 3027">
     <span class='ocr_line' id='line_1_28' title="bbox 75 2683 1033 2764; baseline -0.007 -14"><span class='ocrx_word' id='word_1_191' title='bbox 75 2700 128 2750; x_wconf 78' lang='grc'>900</span> <span class='ocrx_word' id='word_1_192' title='bbox 147 2703 236 2764; x_wconf 89' lang='lat' dir='ltr'>quare</span> <span class='ocrx_word' id='word_1_193' title='bbox 259 2685 408 2762; x_wconf 88' lang='lat' dir='ltr'>utrimque</span> <span class='ocrx_word' id='word_1_194' title='bbox 431 2703 518 2744; x_wconf 89' lang='lat' dir='ltr'>secus</span> <span class='ocrx_word' id='word_1_195' title='bbox 539 2702 608 2745; x_wconf 89' lang='lat' dir='ltr'>cum</span> <span class='ocrx_word' id='word_1_196' title='bbox 631 2701 739 2762; x_wconf 91' lang='lat' dir='ltr'>corpus</span> <span class='ocrx_word' id='word_1_197' title='bbox 761 2683 891 2764; x_wconf 83' lang='lat' dir='ltr'>vapulet,</span> <span class='ocrx_word' id='word_1_198' title='bbox 914 2692 1033 2744; x_wconf 91' lang='lat' dir='ltr'>etcum</span> 
     </span>
     <span class='ocr_line' id='line_1_29' title="bbox 146 2770 1082 2852; baseline 0.001 -19"><span class='ocrx_word' id='word_1_199' title='bbox 146 2775 319 2852; x_wconf 89' lang='lat' dir='ltr'>perveniant</span> <span class='ocrx_word' id='word_1_200' title='bbox 340 2771 441 2851; x_wconf 90' lang='lat' dir='ltr'>plagae</span> <span class='ocrx_word' id='word_1_201' title='bbox 463 2790 628 2851; x_wconf 87' lang='lat' dir='ltr'>perparva</span> <span class='ocrx_word' id='word_1_202' title='bbox 650 2772 794 2832; x_wconf 84' lang='lat' dir='ltr'>foramina</span> <span class='ocrx_word' id='word_1_203' title='bbox 816 2770 902 2831; x_wconf 87' lang='lat' dir='ltr'>nohis</span> <span class='ocrx_word' id='word_1_204' title='bbox 1041 2794 1082 2834; x_wconf 74' lang='lat' dir='ltr'>oto</span> 
     </span>
     <span class='ocr_line' id='line_1_30' title="bbox 147 2860 946 2940; baseline -0.005 -18"><span class='ocrx_word' id='word_1_205' title='bbox 147 2863 280 2940; x_wconf 91' lang='lat' dir='ltr'>corporis</span> <span class='ocrx_word' id='word_1_206' title='bbox 303 2860 339 2921; x_wconf 87' lang='lat' dir='ltr'>ad</span> <span class='ocrx_word' id='word_1_207' title='bbox 362 2863 473 2939; x_wconf 87' lang='lat' dir='ltr'>primas</span> <span class='ocrx_word' id='word_1_208' title='bbox 495 2862 587 2938; x_wconf 91' lang='lat' dir='ltr'>partis</span> <span class='ocrx_word' id='word_1_209' title='bbox 610 2860 815 2939; x_wconf 88' lang='lat' dir='ltr'>elementaque</span> <span class='ocrx_word' id='word_1_210' title='bbox 838 2861 946 2940; x_wconf 90' lang='lat' dir='ltr'>prima,</span> 
     </span>
     <span class='ocr_line' id='line_1_31' title="bbox 146 2946 903 3027; baseline -0.003 -17"><span class='ocrx_word' id='word_1_211' title='bbox 146 2950 179 3010; x_wconf 87' lang='lat' dir='ltr'>nt</span> <span class='ocrx_word' id='word_1_212' title='bbox 202 2951 286 3027; x_wconf 92' lang='lat' dir='ltr'>quasi</span> <span class='ocrx_word' id='word_1_213' title='bbox 308 2948 448 3027; x_wconf 90' lang='lat' dir='ltr'>paulatim</span> <span class='ocrx_word' id='word_1_214' title='bbox 470 2946 556 3008; x_wconf 90' lang='lat' dir='ltr'>nobis</span> <span class='ocrx_word' id='word_1_215' title='bbox 578 2966 633 3026; x_wconf 91' lang='lat' dir='ltr'>per</span> <span class='ocrx_word' id='word_1_216' title='bbox 654 2946 787 3008; x_wconf 89' lang='lat' dir='ltr'>membra</span> <span class='ocrx_word' id='word_1_217' title='bbox 809 2949 903 3009; x_wconf 90' lang='lat' dir='ltr'>ruina.</span> 
     </span>
    </p>

    <p class='ocr_par' dir='ltr' id='par_1_14' title="bbox 74 3036 870 3115">
     <span class='ocr_line' id='line_1_32' title="bbox 74 3036 870 3115; baseline -0.004 -17"><span class='ocrx_word' id='word_1_218' title='bbox 74 3055 130 3105; x_wconf 78' lang='lat'>940</span> <span class='ocrx_word' id='word_1_219' title='bbox 146 3036 360 3098; x_wconf 89' lang='lat' dir='ltr'>conturbantur</span> <span class='ocrx_word' id='word_1_220' title='bbox 381 3038 461 3096; x_wconf 89' lang='lat' dir='ltr'>enim</span> <span class='ocrx_word' id='word_1_221' title='bbox 483 3038 633 3115; x_wconf 91' lang='lat' dir='ltr'>positurae</span> <span class='ocrx_word' id='word_1_222' title='bbox 656 3038 870 3115; x_wconf 87' lang='lat' dir='ltr'>principiorum</span> 
     </span>
    </p>

    <p class='ocr_par' dir='ltr' id='par_1_15' title="bbox 75 3124 1082 3468">
     <span class='ocr_line' id='line_1_33' title="bbox 75 3124 963 3205; baseline -0.003 -19"><span class='ocrx_word' id='word_1_223' title='bbox 75 3127 280 3205; x_wconf 75' lang='grc'>00000000010</span> <span class='ocrx_word' id='word_1_224' title='bbox 302 3132 390 3204; x_wconf 89' lang='lat' dir='ltr'>atque</span> <span class='ocrx_word' id='word_1_225' title='bbox 413 3125 512 3184; x_wconf 87' lang='lat' dir='ltr'>animi.</span> <span class='ocrx_word' id='word_1_226' title='bbox 548 3125 582 3184; x_wconf 86' lang='lat' dir='ltr'>iit</span> <span class='ocrx_word' id='word_1_227' title='bbox 604 3126 650 3184; x_wconf 91' lang='lat' dir='ltr'>uti</span> <span class='ocrx_word' id='word_1_228' title='bbox 671 3142 740 3204; x_wconf 91' lang='lat' dir='ltr'>pars</span> <span class='ocrx_word' id='word_1_229' title='bbox 762 3124 832 3184; x_wconf 92' lang='lat' dir='ltr'>inde</span> <span class='ocrx_word' id='word_1_230' title='bbox 855 3125 963 3185; x_wconf 88' lang='lat' dir='ltr'>animar</span> 
     </span>
     <span class='ocr_line' id='line_1_34' title="bbox 145 3211 1082 3294; baseline 0.002 -20"><span class='ocrx_word' id='word_1_231' title='bbox 145 3216 281 3294; x_wconf 90' lang='lat' dir='ltr'>eiciatur,</span> <span class='ocrx_word' id='word_1_232' title='bbox 305 3220 335 3273; x_wconf 89' lang='lat' dir='ltr'>et</span> <span class='ocrx_word' id='word_1_233' title='bbox 356 3215 518 3274; x_wconf 90' lang='lat' dir='ltr'>introrsum</span> <span class='ocrx_word' id='word_1_234' title='bbox 541 3231 610 3291; x_wconf 87' lang='lat' dir='ltr'>pars</span> <span class='ocrx_word' id='word_1_235' title='bbox 633 3211 731 3273; x_wconf 90' lang='lat' dir='ltr'>abdita</span> <span class='ocrx_word' id='word_1_236' title='bbox 754 3211 851 3292; x_wconf 87' lang='lat' dir='ltr'>cedat,</span> <span class='ocrx_word' id='word_1_237' title='bbox 1042 3233 1082 3276; x_wconf 78' lang='lat' dir='ltr'>sto</span> 
     </span>
     <span class='ocr_line' id='line_1_35' title="bbox 144 3301 949 3382; baseline -0.002 -19"><span class='ocrx_word' id='word_1_238' title='bbox 144 3321 213 3382; x_wconf 91' lang='lat' dir='ltr'>pars</span> <span class='ocrx_word' id='word_1_239' title='bbox 236 3303 325 3362; x_wconf 88' lang='lat' dir='ltr'>etiam</span> <span class='ocrx_word' id='word_1_240' title='bbox 348 3301 488 3362; x_wconf 86' lang='lat' dir='ltr'>distracta</span> <span class='ocrx_word' id='word_1_241' title='bbox 509 3319 564 3380; x_wconf 92' lang='lat' dir='ltr'>per</span> <span class='ocrx_word' id='word_1_242' title='bbox 585 3307 667 3362; x_wconf 89' lang='lat' dir='ltr'>artus</span> <span class='ocrx_word' id='word_1_243' title='bbox 690 3319 750 3361; x_wconf 89' lang='lat' dir='ltr'>non</span> <span class='ocrx_word' id='word_1_244' title='bbox 774 3308 862 3379; x_wconf 87' lang='lat' dir='ltr'>queat</span> <span class='ocrx_word' id='word_1_245' title='bbox 884 3319 949 3361; x_wconf 90' lang='lat' dir='ltr'>esse</span> 
     </span>
     <span class='ocr_line' id='line_1_36' title="bbox 145 3389 922 3468; baseline -0.001 -18"><span class='ocrx_word' id='word_1_246' title='bbox 145 3393 301 3451; x_wconf 88' lang='lat' dir='ltr'>coniuncta</span> <span class='ocrx_word' id='word_1_247' title='bbox 322 3391 401 3450; x_wconf 91' lang='lat' dir='ltr'>inter</span> <span class='ocrx_word' id='word_1_248' title='bbox 424 3407 455 3449; x_wconf 92' lang='lat' dir='ltr'>se</span> <span class='ocrx_word' id='word_1_249' title='bbox 479 3407 575 3468; x_wconf 89' lang='lat' dir='ltr'>neque</span> <span class='ocrx_word' id='word_1_250' title='bbox 598 3396 681 3449; x_wconf 90' lang='lat' dir='ltr'>motu</span> <span class='ocrx_word' id='word_1_251' title='bbox 703 3395 805 3450; x_wconf 89' lang='lat' dir='ltr'>mutua</span> <span class='ocrx_word' id='word_1_252' title='bbox 826 3389 922 3466; x_wconf 84' lang='lat' dir='ltr'>iungi:</span> 
     </span>
    </p>

    <p class='ocr_par' dir='ltr' id='par_1_16' title="bbox 71 3479 846 3557">
     <span class='ocr_line' id='line_1_37' title="bbox 71 3479 846 3557; baseline -0.003 -18"><span class='ocrx_word' id='word_1_253' title='bbox 71 3496 128 3546; x_wconf 80' lang='lat'>945</span> <span class='ocrx_word' id='word_1_254' title='bbox 143 3482 221 3540; x_wconf 90' lang='lat' dir='ltr'>inter</span> <span class='ocrx_word' id='word_1_255' title='bbox 244 3479 324 3538; x_wconf 89' lang='lat' dir='ltr'>enim</span> <span class='ocrx_word' id='word_1_256' title='bbox 347 3479 441 3557; x_wconf 89' lang='lat' dir='ltr'>saepit</span> <span class='ocrx_word' id='word_1_257' title='bbox 464 3485 566 3538; x_wconf 92' lang='lat' dir='ltr'>coetus</span> <span class='ocrx_word' id='word_1_258' title='bbox 585 3484 689 3538; x_wconf 90' lang='lat' dir='ltr'>natura</span> <span class='ocrx_word' id='word_1_259' title='bbox 711 3479 846 3556; x_wconf 86' lang='lat' dir='ltr'>viasque:</span> 
     </span>
    </p>

    <p class='ocr_par' dir='ltr' id='par_1_17' title="bbox 72 3564 816 3647">
     <span class='ocr_line' id='line_1_38' title="bbox 72 3564 816 3647; baseline -0.011 -14"><span class='ocrx_word' id='word_1_260' title='bbox 72 3585 125 3635; x_wconf 85' lang='grc'>000</span> <span class='ocrx_word' id='word_1_261' title='bbox 143 3586 214 3646; x_wconf 90' lang='lat' dir='ltr'>ergo</span> <span class='ocrx_word' id='word_1_262' title='bbox 238 3583 344 3628; x_wconf 90' lang='lat' dir='ltr'>sensus</span> <span class='ocrx_word' id='word_1_263' title='bbox 366 3565 427 3626; x_wconf 86' lang='lat' dir='ltr'>abit</span> <span class='ocrx_word' id='word_1_264' title='bbox 449 3567 570 3626; x_wconf 88' lang='lat' dir='ltr'>mutatis</span> <span class='ocrx_word' id='word_1_265' title='bbox 593 3565 722 3626; x_wconf 88' lang='lat' dir='ltr'>motibus</span> <span class='ocrx_word' id='word_1_266' title='bbox 746 3564 816 3647; x_wconf 91' lang='lat' dir='ltr'>alte,</span> 
     </span>
    </p>
   </div>
   <div class='ocr_carea' id='block_1_3' title="bbox 0 0 1232 3998">
    <p class='ocr_par' dir='ltr' id='par_1_18' title="bbox 0 0 1232 3998">
     <span class='ocr_line' id='line_1_39' title="bbox 0 0 1232 3998; baseline 0 0"><span class='ocrx_word' id='word_1_267' title='bbox 0 0 1232 3998; x_wconf 95' lang='lat' dir='ltr'> </span> 
     </span>
    </p>
   </div>
  </div>
 </body>
</html>
