2438 3998
134 193 176 260 78
618 194 657 248 ΠΙ

204 359 291 421 saepe
314 342 444 401 animus:
468 340 612 400 dementit
633 343 713 400 enim
737 338 887 418 deliraque
912 340 1003 422 latur,

133 447 186 496 aaa
205 427 413 506 interdumque
437 429 530 505 gravi„
540 427 672 505 lethargo
695 428 791 487 fertur
813 429 845 487 in
868 426 959 488 altum

205 523 415 593 aeternumque
439 532 576 594 soporem
599 514 693 575 oculis
715 521 849 593 nutuque
872 514 1003 596 cadenti3

204 602 282 664 unde
305 621 401 681 neque
424 602 544 663 exaudit
564 620 652 662 voces
674 620 730 662 nec
752 620 877 662 noscere
899 602 995 663 voltus

204 690 322 751 illorum
345 691 423 769 potis
447 696 505 770 est,
528 689 676 751 advitam
700 691 751 769 qui
772 696 945 750 revocantes

204 780 317 840 circum
340 783 418 837 stant
440 777 571 837 lacrimis
593 784 728 837 rorantes
751 795 802 837 ora
822 794 980 856 genasque.

132 883 185 932 470
205 884 295 944 quare
318 867 448 926 animum
472 883 588 944 quoque
611 863 736 925 dissolui
758 865 867 925 fateare
891 876 1055 945 necessest,

204 953 442 1032 quandoquidem
464 958 621 1031 penetrant
642 954 673 1012 in
698 970 765 1012 cum
788 955 922 1031 contagia
945 951 1050 1013 morbi.
1068 955 1079 1032 ΙΙ

203 1059 271 1101 nam
293 1039 378 1101 dolor
400 1059 434 1100 ac
457 1039 577 1101 morbus
600 1040 653 1100 leti
675 1039 833 1100 fabricator
855 1047 1022 1121 uterquest;

203 1128 364 1189 multorum
386 1130 476 1188 exitio
498 1127 633 1206 perdocti
656 1127 734 1206 quod
758 1145 861 1188 sumus
883 1134 959 1188 ante.
1099 1142 1140 1182 4⁷³

204 1215 332 1294 denique
355 1233 421 1295 cur,
443 1215 593 1275 hominem
616 1233 684 1275 cum
705 1217 767 1274 vini
789 1217 833 1274 vis
855 1217 1020 1294 penetravit
1099 1229 1143 1295 47⁶,

132 1319 185 1369 445
205 1305 282 1364 acris
306 1309 335 1362 et
357 1305 390 1362 in
412 1320 500 1362 venas
524 1302 663 1362 discessit
684 1300 795 1363 diditus
818 1302 918 1382 ardor,

203 1391 394 1469 consequitur
416 1391 543 1467 gravitas
566 1388 779 1470 membrorum,
802 1389 1033 1468 praepediuntur

203 1496 290 1538 crura
313 1475 473 1556 vacillanti,
495 1476 637 1537 tardescit
660 1476 773 1559 lingua,
795 1477 894 1537 madet
915 1494 1014 1558 mens,

203 1571 274 1626 nant
296 1562 388 1644 oculi,
411 1563 521 1634 clamor
543 1563 689 1642 singultus
712 1567 808 1643 iurgia
830 1564 970 1645 gliscunt,
1099 1579 1140 1620 coo

203 1659 233 1714 et
255 1655 315 1712 iam
337 1660 435 1713 cetera
458 1651 494 1713 de
518 1670 625 1730 genere
648 1652 706 1713 hoc
729 1670 931 1731 quaecumque
955 1659 1110 1735 secuntur,

132 1755 184 1806 480
203 1759 256 1800 cur
279 1758 314 1801 ea
336 1747 418 1819 sunt,
440 1742 499 1800 nisi
523 1740 601 1819 qnod
623 1757 743 1800 vemens
767 1739 904 1801 violentia
927 1742 988 1800 vini

204 1827 380 1888 conturbare
404 1830 531 1887 animam
553 1829 706 1888 consuevit
728 1845 852 1906 corpore
875 1829 907 1887 in
930 1823 1024 1906 ipso?

203 1922 233 1974 at
255 1933 459 1993 quaecumque
482 1921 595 1994 queunt
617 1914 787 1975 conturbari
809 1917 899 1994 inque
921 1914 1031 1995 pediri,

202 2003 380 2082 significant,
402 2002 489 2081 paulo
513 2005 539 2061 si
562 2002 665 2062 durior
687 2005 846 2063 insinuarit
1097 2016 1139 2057 oso

203 2107 304 2170 causa,
327 2090 390 2149 loro
413 2097 446 2149 ut
468 2097 592 2166 pereant
613 2108 683 2149 aevo
707 2093 819 2169 privata
842 2090 951 2150 futuro.

132 2179 274 2256 tanqum
297 2178 386 2236 etiam
409 2175 506 2236 subito
528 2179 558 2236 ri
580 2176 677 2237 morbi
700 2195 787 2256 saepe
811 2187 929 2238 coactus

202 2270 269 2324 ante
293 2263 393 2324 oculos
416 2263 522 2342 aliquis
544 2271 676 2344 nostros,
698 2271 732 2325 ut
754 2264 886 2325 lulminis
910 2266 983 2344 ictu,
1030 2332 1037 2344 ‚

203 2352 332 2412 concidit
354 2358 385 2412 et
407 2369 526 2430 spumas
548 2354 621 2432 agit,
643 2354 767 2429 ingemit
790 2359 820 2412 et
841 2355 943 2412 tremit
965 2358 1062 2432 artus,

203 2439 324 2518 desipit,
347 2445 478 2499 extentat
501 2457 620 2519 nervos,
643 2446 812 2519 torquetur,
835 2439 952 2499 anhelat
1097 2454 1139 2494 eoo

202 2528 417 2607 inconstanter,
440 2533 470 2588 et
492 2529 524 2586 in
546 2527 679 2587 iactando
702 2526 835 2587 membra
858 2528 966 2605 fatigat

131 2630 183 2679 490
202 2616 357 2696 nimirum,
379 2617 449 2693 quia
472 2616 500 2675 vi
522 2613 619 2674 morbi
641 2613 781 2675 distracta
802 2632 856 2693 pcr
878 2623 960 2674 artus

625 2719 644 2758 a

181 2857 184 2861 ‚
202 2789 301 2863 turbat
323 2807 413 2867 agens
436 2791 576 2869 animam,
599 2806 739 2866 spumans
761 2790 798 2851 att
818 2792 851 2849 in
873 2807 1001 2868 aequore
1024 2789 1101 2850 salso

202 2883 357 2936 ventorum
379 2875 483 2936 validis
507 2877 674 2936 fervescunt
696 2876 809 2937 viribus
832 2878 935 2938 undae.

201 2966 377 3042 exprimitur
398 2981 488 3042 porro
511 2966 651 3044 gemitus,
675 2966 743 3043 quia
765 2965 897 3025 membra
920 2964 1021 3025 dolore
1097 2978 1138 3018 ⁴⁰⁵

201 3051 391 3130 adiiciuntur,
414 3059 443 3111 et
466 3054 585 3110 omnino
609 3051 687 3129 quod
710 3054 822 3112 semina
845 3055 925 3112 vocis

130 3153 182 3202 495
202 3140 351 3198 eiciuntur
374 3144 404 3197 et
427 3154 478 3197 ore
500 3138 579 3197 foras
602 3138 761 3216 glomerata
784 3140 920 3200 feruntur

202 3242 260 3302 qua
282 3226 368 3302 quasi
390 3232 572 3284 consuerunt
594 3232 624 3284 et
646 3233 716 3286 sunt
738 3230 850 3287 munita
872 3229 939 3288 viai.

203 3311 379 3389 desipientia
401 3312 446 3391 lit,
470 3313 538 3389 quia
561 3314 605 3371 vis
628 3316 718 3373 animi
741 3321 829 3393 atque
852 3317 961 3377 animai

203 3397 396 3459 conturbatur
419 3406 461 3477 et,
484 3406 516 3458 ut
539 3399 639 3480 docui,
662 3401 755 3461 divisa
778 3420 912 3464 seorsum
1098 3415 1140 3456 ⁶0⁰

454 3482 546 3564 [474]
563 3514 602 3536 =
617 3485 691 3549 510.
715 3485 817 3569 [4751.
