2438 3998
540 248 580 304 VI
998 248 1061 313 179

56 404 115 456 000
132 396 293 458 mobilitate
317 396 448 477 calescit,
471 403 501 457 et
523 415 540 456 0
563 397 734 476 contagibus
756 400 843 478 ignis.
1022 419 1062 460 eoo

128 485 197 546 inde
219 485 272 547 ubi
293 483 436 564 percaluit
457 486 538 545 venti
559 487 603 545 vis
627 491 657 545 et
678 488 775 564 gravis
798 487 875 566 ignis

130 576 258 654 impetus
280 574 416 655 incessit,
438 580 586 634 maturum
608 579 671 634 tum
694 576 778 653 quasi
799 574 910 635 fulmen

130 662 295 742 perscindit
317 661 415 722 subito
438 660 559 742 nubem,
582 661 734 740 ferturque
757 665 888 723 coruscis

59 767 112 817 280
131 753 229 811 omnia
252 748 413 811 luminibus
436 748 565 810 lustrans
588 749 650 810 loca
672 751 804 829 percitus
827 751 922 811 ardor.

57 844 116 896 285
128 857 217 917 quem
239 840 336 916 gravis
358 839 526 917 insequitur
549 840 676 919 sonitus,
699 837 828 917 displosa
850 846 973 918 repente
1022 859 1061 901 eos

130 926 255 987 obruere
278 933 312 987 ut
334 925 408 987 caeli
429 927 583 987 videantur
604 924 713 1006 templa
735 943 872 1006 superne.

129 1016 199 1076 iudo
222 1021 333 1075 tremor
355 1021 450 1075 terras
472 1017 601 1093 graviter
622 1021 811 1096 pertemptat,
834 1021 864 1075 et
886 1013 976 1075 altum

129 1121 281 1164 murmura
303 1110 481 1182 percurramt
503 1101 628 1164 caelum:
651 1120 720 1163 nam
741 1109 802 1164 tota
824 1103 886 1163 fere
909 1109 972 1163 tum

58 1208 111 1260 eso
129 1198 289 1271 tempestas
311 1208 454 1252 concussa
474 1193 576 1252 tremit
597 1182 792 1270 fremitusque
815 1197 976 1252 moventur.

55 1286 115 1339 290
130 1297 188 1359 quo
211 1279 248 1340 de
263 1275 417 1340 ‘concussu
439 1281 574 1358 sequitur
595 1281 691 1358 gravis
713 1279 810 1339 imber
831 1288 862 1341 et
883 1279 969 1360 uber,
1022 1301 1061 1341 sao

130 1369 225 1428 omnis
247 1369 292 1428 uti
314 1367 446 1428 videatur
467 1368 499 1427 in
521 1367 647 1428 imbrem
668 1369 780 1428 vertier
802 1368 903 1429 aether

130 1462 217 1535 atque
239 1457 281 1516 ita
302 1457 499 1535 praecipitans
521 1455 558 1515 ad
580 1455 720 1516 diluviem
742 1473 880 1517 rovocare

54 1558 56 1563 ’
551 1561 570 1602 s

129 1639 228 1692 tantus
251 1631 376 1692 discidio
398 1630 486 1692 nubis
508 1632 646 1710 ventique
669 1630 799 1710 procella

58 1737 111 1788 290
129 1722 270 1800 mittitur,
293 1720 408 1781 ardenti
429 1721 543 1780 sonitus
567 1737 634 1780 cum
656 1718 788 1798 provolat
810 1721 879 1779 ictu.

57 1816 117 1870 295
129 1815 175 1870 est
196 1810 285 1870 etium
307 1825 374 1868 cum
396 1809 440 1868 vis
464 1809 647 1868 extrinsecus
669 1808 760 1869 incita
782 1809 862 1867 venti
1021 1829 1060 1870 eos

130 1896 235 1957 incidit
255 1897 287 1956 in
310 1894 433 1957 calidam
456 1901 570 1955 maturo
592 1895 714 1956 fulmine
737 1894 859 1975 nubem3

131 2002 218 2064 quam
241 2002 308 2045 cum
330 1982 485 2064 perscidit,
508 1983 653 2062 extemplo
677 1983 755 2044 cadit
776 1985 881 2062 igneus
903 1981 953 2043 ille

128 2080 243 2152 vertex,
265 2089 354 2150 quem
375 2074 470 2150 patrio
493 2073 653 2132 vocitamus
676 2073 795 2131 nomine
818 2070 937 2131 fulmen.
975 2080 977 2086 '

58 2177 111 2228 295
129 2161 186 2221 boo
207 2161 241 2220 tit
262 2159 341 2222 idem
363 2162 395 2219 in
417 2161 510 2238 partis
533 2158 617 2239 elias,
640 2177 826 2238 quocumque
848 2158 916 2221 tulit
938 2162 990 2220 vis.

58 2257 114 2310 300
128 2249 162 2309 tit
185 2265 301 2327 quoque
323 2255 357 2308 ut
377 2246 527 2308 interdum
548 2249 628 2308 venti
649 2249 694 2307 vis
716 2249 806 2308 missa
830 2249 895 2308 sine
917 2249 979 2326 igni
1020 2270 1060 2311 coo

129 2339 255 2415 igniscat
275 2343 373 2396 tamen
396 2338 428 2396 in
451 2337 544 2415 spatio
567 2334 712 2413 longoque
737 2343 848 2416 meatu,

130 2425 200 2487 dum
222 2426 303 2485 venit
324 2426 461 2484 amittens
483 2425 515 2484 iu
538 2441 628 2484 cursu
649 2441 772 2503 corpora
796 2424 939 2503 quaedam

129 2511 263 2593 grandia,
286 2530 360 2591 quae
383 2519 534 2591 nequeunt
555 2513 666 2592 pariter
687 2519 844 2591 penetrare
865 2531 920 2592 per
943 2530 1041 2593 auras,

57 2620 111 2670 300
129 2607 216 2680 atque
240 2600 296 2661 alia
318 2619 355 2662 ex
377 2602 443 2679 ipso
466 2600 629 2662 conradens
651 2605 719 2660 aere
741 2606 839 2680 portat

57 2696 114 2750 305
128 2688 259 2769 parvola,
283 2706 356 2768 quae
381 2688 491 2749 iaciunt
512 2691 611 2768 ignem
634 2690 790 2749 commixta
812 2686 947 2769 volando;
1020 2709 1060 2751 eos

129 2794 189 2837 non
212 2776 267 2837 alia
289 2776 376 2855 longe
398 2779 512 2837 ratione
535 2795 568 2837 ac
590 2775 726 2856 plumbea
750 2795 837 2855 saepe

129 2864 239 2926 fervida
261 2865 294 2925 tit
316 2864 398 2944 glans
421 2866 454 2924 in
476 2883 577 2945 cursu,
600 2882 667 2925 cum
689 2863 780 2925 multa
803 2865 910 2943 rigoris

129 2971 252 3032 corpora
275 2954 426 3014 dimittens
449 2954 548 3030 ignem
570 2954 706 3031 concepit
727 2954 760 3012 in
782 2954 870 3012 auris.

57 3062 110 3114 305
128 3042 162 3102 fit
185 3058 301 3120 quoque
323 3048 357 3102 ut
378 3043 473 3120 ipsius
495 3039 596 3119 plagae
618 3041 664 3100 vis
687 3040 795 3101 excitet
818 3041 929 3119 ignem,

56 3143 112 3195 310
128 3129 234 3208 frigida
257 3147 324 3190 cum
347 3131 427 3190 venti
444 3126 557 3207 pepulit
578 3129 622 3188 vis
645 3130 736 3188 missa
759 3130 823 3188 sine
845 3129 920 3207 igni,
1020 3151 1060 3192 uo

128 3220 282 3299 nimirum,
305 3219 386 3299 quia,
409 3234 477 3277 cum
499 3217 627 3276 vementi
649 3215 777 3295 perculit
798 3218 872 3296 ictu,

128 3307 277 3385 contluere
301 3324 337 3366 ex
360 3307 424 3385 ipso
447 3311 573 3384 possunt
595 3304 739 3365 elementa
762 3307 892 3386 vaporis,

127 3403 158 3457 et
180 3393 268 3456 simul
291 3412 327 3456 ex
350 3393 399 3454 illa
423 3411 497 3473 quac
520 3400 583 3454 tum
606 3411 655 3453 res
679 3395 788 3472 excipit
809 3395 913 3473 ictum,

55 3500 108 3551 310
126 3492 172 3565 ut,
195 3483 322 3563 lapidem
344 3483 423 3545 ferro
447 3500 513 3543 oum
537 3482 699 3562 caedimus,
723 3481 817 3542 evolat
839 3482 929 3561 ignis,

55 3567 195 3654 315000,
218 3571 296 3653 quod
319 3570 424 3649 frigida
446 3572 490 3630 vis
514 3570 626 3651 forrist,
648 3569 705 3630 hoc
728 3571 820 3629 setius
842 3567 887 3628 illi
1021 3590 1059 3631 oro

796 3669 849 3722 12*
