2438 3998
593 234 606 288 Ι
1079 236 1098 300 ‘l

99 385 157 439 206
169 379 212 440 nil
235 382 325 458 igitur
347 381 413 440 fieri
435 381 471 440 de
493 381 553 442 nilo
576 401 664 462 posse
686 382 877 464 fatendumst,
937 461 939 465 Α
1060 396 1100 438 2⁰⁶

170 471 282 529 semine
311 469 425 547 quando
454 487 527 548 opus
550 477 596 531 est
618 469 720 552 rebus,
747 489 805 551 quo
828 490 961 551 quaeque
984 478 1099 533 creatae

170 558 248 617 aeris
270 559 302 618 in
323 564 440 618 teneras
463 560 578 636 possint
600 559 762 638 proferrier
783 578 878 621 auras.
1060 573 1099 614 ²⁰⁷

100 652 156 704 215
216 644 280 705 Huc
303 645 416 706 accedit
438 648 483 711 uti
505 649 631 725 quicque
654 649 686 707 in
708 665 761 708 sua
783 666 906 727 corpora
928 666 1046 710 rursum
1060 661 1100 703 ²1⁶

101 741 153 790 210
172 732 314 794 dissoluat
335 740 439 794 natura
461 752 558 814 neque
580 735 616 794 ad
638 734 732 795 nilum
754 737 910 797 interemat
931 754 989 797 res.
1012 792 1014 799 Α

170 840 237 882 uam
262 821 359 901 siquid
381 822 503 884 mortale
526 841 543 884 e
567 825 680 886 cunctis
702 823 836 902 partibus
850 832 950 905 esset,

171 929 207 971 ex
230 909 324 971 oculis
346 928 395 971 res
419 929 551 990 quaeque
574 917 695 990 repente
719 919 820 990 erepta
841 914 965 990 periret:

170 997 250 1069 nulla
272 1000 301 1058 vi
323 998 400 1060 foret
421 1017 493 1060 usus
516 1002 610 1080 enim,
634 1017 708 1078 quae
730 999 862 1078 partibus
886 1002 950 1060 eius

100 1093 158 1145 220
174 1086 330 1147 discidium
353 1104 457 1165 parere
481 1094 510 1148 et
532 1105 626 1148 nexus
649 1087 798 1148 exsolvere
821 1096 930 1167 posset.
1061 1102 1101 1142 22⁰

101 1180 153 1231 215
173 1173 250 1253 quod
272 1193 364 1255 nunc,
387 1181 506 1235 aeterno
530 1177 598 1254 quia
620 1178 888 1237 constantsemine
912 1193 1058 1262 quaeque,

173 1263 265 1323 donec
288 1265 333 1324 vis
356 1262 441 1343 obiit,
464 1279 609 1342 quaeres
633 1263 798 1325 diverberet
820 1266 881 1325 ictu
919 1309 921 1314 -
968 1302 972 1310 -

173 1359 223 1412 aut
244 1353 325 1412 intus
347 1357 483 1430 penetret
503 1370 558 1430 per
566 1353 679 1435 juania
701 1351 914 1432 dissoluatque,

172 1439 281 1500 nullius
305 1441 428 1500 exitium
449 1442 559 1519 patitur
580 1447 685 1501 natura
706 1440 808 1501 videri.

101 1534 162 1588 225
174 1536 326 1608 praeterea
349 1545 424 1607 quae
447 1546 571 1606 cumque
593 1535 738 1590 vetustate
761 1534 876 1589 amovet
897 1535 990 1609 aetas,
1062 1540 1101 1582 ²2⁶

102 1603 159 1674 220
174 1619 200 1677 si
221 1617 339 1695 penitus
362 1618 488 1694 peremit
510 1634 687 1678 consumens
709 1618 861 1677 materiem
884 1634 1014 1696 omnem,

172 1703 250 1766 unde
274 1702 397 1765 animale
420 1721 513 1782 genus
535 1707 698 1783 generatim
720 1707 751 1766 in
773 1703 885 1765 lumina
906 1705 981 1764 vitae

173 1793 308 1854 redducit
330 1791 441 1873 Venus,
463 1799 513 1853 aut
535 1792 708 1854 redductum
731 1791 850 1853 daedala
872 1791 960 1862 tellus

173 1880 251 1942 unde
274 1879 327 1941 alit
348 1887 434 1960 atque
458 1888 545 1959 auget
565 1883 727 1959 generatim
748 1879 855 1960 pabula
875 1875 1042 1959 praehens?
1081 1937 1083 1941 ,

102 1977 160 2028 230
174 1970 252 2031 unde
274 1987 354 2030 mare
377 1971 499 2047 ingenui
521 1969 616 2030 sontes
639 1976 817 2048 externaque
840 1968 925 2047 longe
1062 1982 1101 2022 200

102 2066 155 2114 220
174 2058 294 2119 flumina
318 2053 525 2136 suppeditant?
560 2057 638 2118 unde
662 2057 762 2118 aether
785 2056 881 2118 sidera
903 2053 1020 2136 pascit?

168 2148 373 2236 proruperim
395 2144 495 2226 debet,
517 2145 634 2206 mortali
656 2164 778 2225 corpore
802 2162 876 2225 quae
899 2151 981 2226 sunt,

119 2294 122 2302 ,
174 2237 288 2296 infinita
310 2240 390 2295 aetas
412 2251 588 2314 consumpse
611 2241 678 2295 ante
701 2242 763 2296 acta
786 2233 918 2313 diesque.

174 2323 251 2404 quod
275 2324 301 2383 si
323 2324 355 2383 in
377 2340 412 2382 eo
436 2324 530 2402 spatio
552 2329 639 2401 atque
662 2329 815 2404 anteacta
838 2328 931 2383 aetate
954 2321 1037 2382 fuere

102 2419 190 2473 2350
213 2410 320 2491 quibus
342 2410 415 2471 haec
437 2428 537 2471 rerum
560 2412 695 2471 consistit
718 2428 830 2471 summa
852 2410 974 2490 relecta,
1062 2422 1104 2465 ²⁸⁶

102 2508 156 2558 230
174 2498 323 2561 inmortali
345 2504 414 2559 sunt
435 2505 539 2560 natura
560 2499 692 2578 praedita
715 2505 805 2559 certe.

173 2588 250 2650 haud
273 2589 363 2666 igitur
384 2594 509 2667 possunt
530 2586 565 2646 ad
588 2586 682 2648 nilum
704 2605 837 2667 quaeque
859 2580 975 2647 reverti.

174 2678 301 2756 denique
323 2693 373 2736 res
395 2676 491 2735 omnis
513 2675 614 2736 eadem
631 2677 681 2745 ¹vis
705 2674 849 2753 causaque
872 2672 956 2752 uolgo

174 2766 341 2844 conticeret,
363 2765 423 2824 uisi
444 2766 583 2824 materies
606 2769 724 2823 aeterna
747 2768 873 2842 teneret,

102 2861 160 2912 240
174 2857 253 2915 inter
275 2870 307 2913 se
330 2870 409 2913 nexu
430 2854 528 2912 minus
551 2857 602 2912 aut
623 2853 715 2929 magis
739 2849 922 2929 indupedita:
1062 2864 1103 2905 aro

103 2950 154 3000 220
173 2949 269 3003 tactus
292 2942 371 3001 enim
393 2939 445 3000 leti
468 2941 540 3000 satis
563 2944 651 3005 esset*
665 2957 751 3000 causa
773 2939 918 3020 profecto;

174 3032 295 3111 quippe,
317 3027 370 3089 ubi
392 3026 471 3088 nulla
493 3028 591 3088 forent
612 3033 732 3087 aeterno
755 3043 891 3107 corpore,
914 3044 1039 3105 quorum

173 3125 341 3180 contextum
363 3099 551 3177 viHeheret
573 3114 732 3176 dissolvere
756 3132 896 3194 quaeque.

173 3215 203 3268 at
224 3224 315 3286 nunc,
338 3208 416 3266 inter
438 3222 471 3265 se
494 3206 563 3284 qnia
585 3220 678 3265 nexus
700 3205 915 3284 principiorum

102 3303 160 3355 245
173 3293 331 3357 dissimiles
354 3299 489 3354 constant
511 3299 689 3372 aeternaque
712 3293 850 3352 materies
873 3297 930 3370 est,
1061 3303 1101 3344 000

102 3392 155 3442 240
172 3382 313 3444 incolumi
334 3387 487 3442 remanent
508 3399 557 3441 res
581 3398 716 3461 corpore,
739 3381 808 3440 dum
822 3381 904 3449 ,satis
927 3381 1004 3440 acris

172 3475 217 3532 vis
240 3470 326 3531 obeat
347 3488 399 3548 pro
422 3475 538 3530 textura
561 3470 703 3547 cuiusque
726 3475 852 3547 reperta.

170 3559 362 3637 haud'igitur
383 3556 462 3632 redit
483 3556 519 3617 ad
541 3554 635 3617 nilum
657 3575 706 3617 res
729 3556 801 3637 ulla,
824 3555 876 3616 sed
900 3573 1002 3616 omnes
