2438 3998
101 207 166 261 XVI
466 204 750 260 PROLEGOMENA.

101 357 133 414 in
156 371 192 414 eo
215 353 348 412 invenire
373 344 451 430 q'uod
474 351 529 411 tibi
551 353 651 411 minus
671 351 787 430 placere
807 351 888 412 dicas
906 353 1005 429 itaque
1023 349 1113 411 levis-

102 444 177 502 simo
198 443 331 521 crimine,
355 442 445 499 immo
464 457 676 517 nonnunquam
694 457 817 518 prorsus
835 457 919 519 vano,
942 439 1113 499 damnatum

102 528 138 590 ad
165 530 266 588 nescio
295 545 381 606 quem
409 527 650 605 interpolatorem
678 528 799 588 referre.
845 527 880 586 ad
909 527 988 605 quod
1012 534 1112 587 tamen

101 617 266 677 remedium
288 633 440 693 nunquam
462 634 522 676 non
545 618 576 675 in
598 621 738 693 promptu
757 633 789 674 se
808 615 936 674 offerens
955 621 1112 693 antequam

102 705 302 783 confugiatur,
328 703 406 762 haud
435 706 496 763 scio
524 721 561 763 an
583 703 742 764 videndum
766 705 818 782 sit,
845 710 964 762 certane
987 705 1112 781 vestigia

102 794 248 853 sermonis
280 810 296 851 a
323 790 443 851 Lucreti
475 793 594 869 ingenio
627 797 657 850 et
689 797 751 851 arte
779 790 867 850 alieni
894 797 1053 869 appareant
1080 793 1112 850 in

101 880 209 960 verbis,
232 878 279 940 vel
300 878 406 939 habeat
429 882 573 940 sententia
598 878 677 957 quod
702 879 773 938 lerri
796 878 876 938 nullo
899 879 986 939 modo
1006 881 1111 956 possit.

103 970 175 1047 quin
198 969 286 1028 etiam
308 970 440 1046 siquam
460 970 630 1027 cautissime
649 985 736 1044 agere
754 967 843 1046 voleS,
866 966 1026 1026 videndum
1045 968 1112 1046 erit,

101 1058 237 1135 possisne
275 1073 393 1116 causam
428 1057 609 1134 excogitare,
646 1073 703 1133 qua
740 1055 846 1115 ductus
880 1053 973 1114 lector
1004 1053 1112 1132 aliquis

102 1162 171 1205 eum
199 1162 286 1222 quem
314 1145 346 1202 in
374 1145 574 1221 suspicionem
601 1161 687 1202 vocas
715 1161 833 1202 versum
861 1143 988 1202 tinxerit.
1036 1160 1112 1219 quae

103 1234 200 1292 cautio
233 1249 300 1291 cum
332 1248 399 1290 raro
431 1233 464 1289 in
493 1248 632 1290 versuum
667 1230 901 1291 damnationibus
929 1228 1113 1311 adhibeatur,

102 1319 258 1397 plerosque
305 1318 451 1378 eiusmodi
488 1325 611 1379 conatus
647 1337 706 1378 non
752 1317 995 1378 commemorabo.
1056 1318 1114 1377 luit

104 1406 223 1484 quidem
257 1408 309 1484 qui
340 1405 453 1465 diceret
485 1424 652 1465 sermonem
679 1405 888 1467 Lucretianum
915 1424 975 1465 non
1001 1404 1112 1466 habere

103 1501 183 1555 certa
211 1496 294 1570 signa
323 1492 431 1571 quibus
458 1493 694 1572 dignosceretur:
726 1497 775 1553 cui
801 1496 842 1553 ita
869 1511 928 1553 non
956 1496 1113 1574 assentior,

103 1589 137 1642 ut
158 1582 335 1642 contendam
357 1581 467 1642 nullius
490 1589 594 1660 poetae
618 1581 702 1641 latini
721 1600 825 1642 versus
844 1581 960 1641 facilius
978 1581 1113 1659 dignosci

102 1689 190 1749 posse
224 1688 311 1749 quam
342 1669 475 1749 Lucreti,
512 1670 670 1730 dnmmodo
702 1672 769 1748 quis
801 1672 865 1729 eius
897 1671 1050 1747 ingenium
1082 1677 1113 1729 et

103 1766 197 1818 artem
220 1761 339 1837 penitus
363 1760 539 1836 cognoverit.

191 1845 362 1905 Proximum
395 1852 441 1905 est
470 1852 504 1905 ut
536 1846 572 1905 de
604 1843 740 1905 versibus
772 1848 803 1903 in
830 1843 949 1904 Lucreti
981 1848 1112 1905 carmine
1148 1883 1151 1889 -

103 1934 239 2011 repetitis
266 1933 369 1992 dicam.
415 1934 512 1992 extitit
539 1935 631 2012 enim,
660 1935 724 2012 qui,
752 1951 820 1992 cum
841 1931 985 2010 plurimos
1007 1951 1112 1993 versus

104 2019 282 2099 singulares,
305 2019 447 2098 plurimas
471 2022 645 2099 sententias,
668 2038 728 2079 non
749 2038 859 2097 paucos
883 2020 1010 2098 denique
1033 2027 1113 2081 totos

104 2107 184 2168 locos
207 2109 239 2167 in
261 2106 382 2167 Lucreti
403 2106 488 2167 libris
512 2109 653 2186 repetitos
672 2114 771 2167 extare
789 2107 911 2188 videret,
933 2109 1113 2168 contendere

105 2195 227 2256 auderet
258 2202 375 2273 poetam
407 2196 469 2255 lere
501 2194 537 2254 ab
573 2195 716 2255 iterandis
752 2195 887 2255 versibus
923 2194 1112 2256 abstinuisse.

105 2301 193 2362 quem
221 2285 357 2342 iuvenem
384 2289 414 2342 et
441 2285 645 2344 acutissimum
673 2290 703 2343 et
730 2283 946 2363 doctissimum,
974 2283 1113 2344 Carolum

105 2371 288 2450 Gneissium,
326 2373 377 2449 qui
411 2370 649 2431 dissertationem
682 2371 718 2430 de
750 2371 885 2432 versibus
918 2374 949 2431 in
980 2370 1113 2431 Lucretii

104 2461 235 2519 carmine
271 2460 407 2536 repetitis
440 2461 581 2538 scriptam
612 2459 704 2519 edidit
739 2460 925 2537 Argentorati
957 2476 981 2519 a.
1016 2455 1112 2539 1878,

104 2549 218 2624 magnis
242 2545 387 2605 excidisse
411 2549 491 2606 ausis
515 2546 712 2607 demonstravi
734 2549 766 2606 in
789 2565 854 2606 ann.
878 2547 995 2607 Lucret.
1017 2544 1113 2627 1879,

104 2652 132 2713 p.
161 2631 224 2696 201
259 2652 322 2712 sqq.
377 2641 477 2693 extant
509 2637 588 2694 enim
622 2637 653 2694 in
685 2637 815 2695 carmine
847 2634 878 2694 hi
909 2642 1023 2695 tantum
1055 2635 1114 2695 loci

105 2724 231 2781 maiores
249 2739 310 2781 non
328 2740 344 2780 a
363 2729 449 2800 poeta
467 2724 532 2800 ipso
552 2725 663 2783 iterati:
681 2722 695 2783 Ι
712 2718 854 2803 44-49,
873 2722 910 2782 lV
928 2719 1113 2803 217-229,

104 2808 127 2865 V
148 2806 331 2889 lae—137,
353 2808 390 2868 Vl
413 2806 597 2890 383-385,
622 2811 658 2870 de
682 2829 808 2889 quorum
830 2828 1008 2888 unoquoque
1031 2809 1113 2888 leges

105 2915 158 2957 suo
177 2897 250 2957 loco.
288 2904 321 2956 ut
343 2897 374 2956 hi
398 2898 464 2977 loci,
488 2900 531 2958 sic
554 2901 642 2958 etiam
666 2901 717 2976 qni
736 2898 844 2976 singuli
862 2897 909 2957 vel
927 2898 992 2958 bini
1008 2916 1113 2958 versus

105 2984 140 3045 ab
159 2984 370 3064 interpolatore
390 2985 487 3063 aliquo
507 2989 626 3064 repetiti
644 2994 722 3067 sunt,
740 2989 772 3045 in
785 2986 926 3046 inferiore
939 2987 1114 3065 paginarum

104 3075 237 3152 margine
261 3072 479 3134 indicabuntur.

191 3162 247 3221 llic
275 3167 342 3220 ante
365 3163 475 3242 omnia,
503 3163 529 3221 si
558 3161 628 3239 quid
651 3161 746 3242 video,
768 3160 840 3221 illud
865 3161 1037 3240 lugiendum
1061 3169 1115 3242 est,

104 3265 155 3327 ne,
188 3251 214 3307 si
249 3251 301 3327 qui
328 3247 410 3309 locus
437 3248 493 3329 ibi,
524 3249 577 3310 ubi
603 3252 741 3330 iteratur,
772 3268 832 3309 non
861 3249 997 3310 omnibus
1024 3249 1115 3310 rebus

104 3337 274 3413 aptissimus
302 3337 449 3418 videatur,
477 3339 541 3398 sine
568 3337 628 3398 ulla
656 3337 838 3398 dubitatione
861 3356 1003 3416 negemus
1026 3355 1115 3416 posse

104 3422 140 3483 ab
164 3425 228 3502 ipso
252 3431 338 3503 poeta
364 3427 523 3503 repetitum
546 3443 620 3486 csse.
666 3427 698 3485 in
720 3425 767 3485 his
790 3427 870 3486 enim
893 3426 982 3486 rebus
1007 3433 1116 3504 quanta

65 3558 70 3565 .
104 3513 239 3572 cautione
268 3531 342 3591 opus
370 3520 463 3594 esset,
491 3520 558 3573 ante
581 3513 636 3573 hos
658 3513 844 3592 undeviginti
866 3532 972 3594 annos,
998 3515 1018 3575 i
1041 3533 1067 3574 e.
1091 3533 1115 3574 a.
