2438 3998
114 247 180 312 210
519 245 710 300 APPENDIX.

114 405 183 461 deve
206 421 281 460 esser
298 404 417 473 qualche
436 420 501 458 cosa
523 419 590 460 esse
612 405 709 460 siesse
749 403 809 459 cicc
826 418 882 472 per·
904 402 936 458 se
959 402 1067 458 siesse
1086 432 1120 444 -

113 482 166 530 463
195 477 275 530 aliud
296 477 391 530 saeclis
417 473 507 530 Giuss.
530 492 593 530 cum
616 475 646 528 B.
666 476 695 528 et
712 439 786 546 iirg„
809 474 859 528 sed
880 475 967 556 negat
987 473 1121 527 lacunam

114 547 272 616 posthunc
290 562 398 600 versum
414 545 505 611 hiare,
530 547 605 614 quod
627 546 754 616 intellegi
776 560 833 599 non
854 547 957 614 possit,
981 543 1053 613 quid
1076 560 1121 598 ex·

115 617 222 671 ciderit.
254 632 311 671 nou
331 616 437 686 potest,
461 617 510 670 sed
531 618 612 685 patet
632 616 739 684 hiatus,
761 632 828 669 nam
850 615 953 668 falsum
975 616 1019 669 est
1041 615 1122 669 eliud

115 687 222 754 saeclis,
242 687 320 740 aliud
337 686 498 758 regionibus
516 687 585 755 ipsis
604 688 732 741 eventum
750 687 807 740 dici
819 702 913 755 posse:
932 686 1123 755 quodcunque

115 759 190 812 enim
207 758 261 813 erit
279 759 385 825 actum,
403 759 583 825 utrorumque
602 757 639 811 sit
656 759 785 811 eventum
798 772 911 811 necesse
928 759 980 811 est.
1016 757 1121 811 hocne

115 829 205 883 Giuss.
223 829 284 898 ipse
302 829 416 897 quidem
433 827 581 895 infitiatur,
604 828 654 883 sed
675 828 747 880 mira
769 826 999 897 interpretatione
1023 826 1122 882 scribit

115 899 279 971 significari,
304 900 370 953 ‘che
392 899 479 952 anche
502 899 543 969 gli
565 898 646 952 stessi
669 899 775 954 eventa
798 898 823 952 si
843 913 963 967 possono
987 897 1050 952 dire
1072 914 1123 968 per

114 988 154 1024 un
170 972 288 1040 rispetto
306 969 398 1025 eventi
416 969 446 1022 di
463 969 581 1036 nomini,
599 985 705 1038 perun
723 969 795 1022 altro
813 969 930 1038 rispetto
950 969 997 1023 dei
1014 969 1120 1039 paesi'.

115 1042 165 1095 sed
183 1041 357 1095 nullomodo
378 1039 472 1093 ‘eliud
490 1040 581 1093 aliud’
601 1041 677 1093 idem
690 1041 784 1109 potest
802 1055 861 1093 esse
879 1039 956 1107 quod
976 1039 1122 1094 ‘desselbc

114 1112 145 1165 in
166 1112 376 1166 verschiedener
397 1110 544 1164 hinsicht’.
578 1112 606 1164 et
628 1111 689 1179 ipse
715 1111 757 1164 vir
784 1111 960 1164 doctissimus
983 1111 1122 1180 interpre-

113 1183 222 1237 tatione
241 1199 291 1236 sua
304 1198 403 1251 parum
417 1181 553 1235 confidere
567 1181 684 1248 videtin,
702 1198 769 1234 nam
788 1181 895 1249 ‘questi
908 1180 981 1235 versi
994 1181 1118 1237 infelici'

113 1253 219 1322 inquit,
246 1254 339 1307 ‘corne
356 1268 492 1306 mancano
511 1252 540 1305 di
558 1252 635 1305 valor
651 1251 755 1322 logico,
780 1251 837 1305 cosi
853 1267 991 1306 mcncano
1011 1253 1044 1306 di
1060 1268 1122 1324 prc-

114 1325 244 1378 cisicnc'.
264 1355 298 1364 -
321 1329 372 1376 312
391 1340 431 1390 sq.
458 1323 527 1375 mire
550 1321 649 1387 (liuss.¹
672 1323 766 1376 nescio
788 1338 874 1391 quam
895 1323 1056 1377 clausulam
1076 1323 1121 1378 hio

115 1395 251 1449 excidisse
268 1396 354 1461 ratus,
373 1409 435 1447 eam
452 1409 525 1461 quae
543 1395 620 1446 extat
637 1393 792 1447 clausulam
808 1393 919 1447 lineolis
937 1394 1069 1449 secludit.
1088 1426 1119 1435 -

115 1470 167 1518 318
182 1481 249 1533 sq*
263 1464 459 1535 distinetomst]
473 1465 541 1517 item
555 1462 654 1531 (diues,
672 1464 728 1517 nisi
746 1464 821 1532 quod
838 1465 996 1519 distinctum
1015 1465 1119 1533 scribit

115 1536 267 1604 quiaillud
281 1543 318 1590 est
330 1535 361 1588 in
375 1549 407 1588 eo
420 1550 500 1588 versu
513 1535 636 1604 potuerit
650 1550 722 1602 esse,
737 1535 786 1603 qui
799 1535 920 1603 perierit.
935 1565 972 1575 -
986 1541 1039 1589 521
1055 1552 1122 1608 paroc

114 1608 235 1676 spatium
256 1609 351 1674 pleno
369 1606 477 1675 possiet
498 1607 662 1676 distiayeere
680 1607 770 1660 iaaac.
806 1604 917 1658 Marull.
937 1605 1016 1661 edd:
1031 1624 1120 1677 poena

115 1679 199 1732 iaaac
209 1675 264 1741 OQ.
275 1708 309 1717 -
319 1682 369 1729 542
383 1678 449 1746 post
460 1675 535 1730 hunc
547 1692 655 1731 versum
665 1674 754 1730 Giuss.
768 1676 903 1730 maiorem
914 1676 1051 1731 lacunam
1063 1677 1121 1733 vult

115 1762 183 1801 esse.
201 1750 313 1803 ‚contra
332 1763 416 1815 quem
434 1747 575 1816 disputavi
592 1746 622 1799 in
640 1763 703 1800 ann.
718 1746 826 1800 Lucret.
843 1752 910 1800 1833
928 1763 957 1816 p.
969 1752 1022 1802 133
1032 1765 1073 1817 sq.
1086 1764 1118 1790 ²-

115 1825 167 1872 656
187 1820 224 1872 ad
241 1835 374 1873 summere
391 1819 488 1872 aetatis
502 1819 648 1886 pervadere
664 1818 737 1884 siais.
768 1817 837 1871 item
850 1816 941 1871 Giuss.
956 1848 990 1858 -
1010 1821 1118 1888 11336-

115 1890 167 1942 577
182 1891 192 1959 ΙΙ
209 1888 299 1943 Giuss.
314 1889 373 1941 sine
386 1888 497 1942 lineolis
510 1890 575 1958 post
588 1893 639 1941 583
649 1887 707 1942 Lm.
718 1919 751 1929 —
766 1893 896 1941 3330534
904 1887 970 1960 Mn]
984 1888 1077 1944 Giuss.
1086 1920 1118 1930 -

116 1965 166 2013 851
185 1977 296 2014 sorerem
313 1959 343 2011 in
361 1959 414 2013 fine
432 1975 526 2012 versus
539 1957 698 2026 1110110131.ἲ
716 1974 790 2013 nunc
808 1958 894 2012 etiarn
908 1957 999 2013 Giuss.
1016 1991 1051 2002 -
1070 1966 1120 2014 670

116 2038 195 2099 atque
213 2032 277 2084 otia
295 2031 361 2100 (non
379 2031 448 2100 alio)
467 2030 588 2084 attribui.
617 2029 702 2082 etiem
716 2028 806 2083 Giuss.
825 2029 926 2098 probat
944 2060 979 2070 -
997 2046 1052 2100 pro
1070 2036 1118 2086 703

114 2101 152 2172 lg.
173 2106 232 2154 637.
251 2131 285 2141 -
305 2105 356 2154 738
375 2101 460 2154 adde:
478 2101 547 2155 item
564 2099 653 2153 Giuss.
677 2131 711 2140 -
733 2101 809 2155 idem
827 2105 877 2153 746
896 2102 1043 2155 minimum
1060 2118 1119 2157 coa·

114 2173 207 2226 sistere
216 2187 379 2239 pomum
394 2170 498 2224 scribit.
513 2202 546 2212 -
560 2170 634 2223 infre.
647 2171 722 2242 lege,
737 2187 830 2225 versus
845 2170 897 2224 768
912 2169 978 2240 (774
991 2171 1072 2244 Ima).
1086 2202 1119 2213 -

118 2246 168 2295 773
187 2242 225 2312 lg.
244 2258 294 2310 pro
314 2246 373 2294 778.
392 2273 426 2282 -
446 2247 497 2295 838
515 2257 602 2310 quam
620 2242 688 2296 dicit
704 2242 915 2296 homoeomerian
934 2247 1055 2296 ...833
1070 2285 1076 2298 .
1091 2286 1118 2298 ,.

114 2312 217 2382 putat.
234 2354 239 2365 .
256 2354 261 2365 .
277 2312 450 2384 saepissime]
465 2312 537 2365 adde
550 2312 633 2365 Pollii
648 2314 676 2365 et
689 2311 779 2365 Giuss.
793 2312 914 2366 nomina.
933 2343 968 2353 -—
987 2317 1120 2369 834s835

115 2383 225 2453 equites
247 2383 353 2452 0039030
371 2384 436 2436 etc:
460 2400 493 2436 ecc
510 2384 583 2453 tyois
602 2381 656 2447 OQ.
676 2383 738 2436 edd.
758 2413 791 2424 -
815 2388 866 2437 860
888 2400 963 2437 nunc
981 2381 1119 2439 Giussauo

116 2453 237 2508 concedo
255 2455 400 2521 sanieque
418 2454 593 2523 0100090100
610 2453 677 2506 ferri
694 2468 788 2522 posse,
811 2453 887 2521 quod
903 2456 989 2523 poeta
1008 2457 1120 2526 scripsit

116 2522 302 2577 alliteretione
325 2539 409 2589 quam
432 2523 529 2576 dicunt
549 2522 719 2577 blandiente.
755 2526 871 2578 mistim
888 2523 970 2578 Polit.
995 2528 1026 2579 et
1047 2543 1119 2581 nunc

116 2593 206 2648 Giuss.
231 2595 324 2647 mista
349 2591 404 2657 OQ.
429 2595 517 2648 misto
538 2593 596 2647 Lm.
625 2625 658 2634 —
686 2599 737 2647 868
760 2612 828 2664 qaae
851 2595 934 2664 tipea's
957 2599 1120 2652 emoriantur

115 2665 201 2718 etiarn
219 2662 309 2716 Giuss.
328 2695 361 2705 -
385 2670 436 2718 873
447 2681 505 2732 sqq.
524 2665 666 2734 perspexit
683 2663 772 2718 Giuss.
790 2664 929 2735 prioribus
947 2683 988 2720 vv.
1010 2667 1046 2721 de
1063 2667 1120 2721 fru-

114 2738 208 2790 mento
235 2734 402 2805 frangendo,
434 2751 489 2804 quc
514 2736 545 2788 id
568 2735 612 2803 fit,
644 2736 719 2803 quod
745 2750 795 2789 nos
824 2735 946 2790 ‘schrot’
979 2753 1118 2805 vocamus,

114 2822 195 2861 versu
217 2811 268 2860 878
291 2807 327 2859 de
348 2806 488 2861 moliendo
516 2806 579 2860 dici.
615 2807 757 2860 tollendae
784 2807 871 2878 igitur
898 2806 1022 2862 lineolae
1047 2810 1117 2876 sunt,

114 2877 216 2946 quibus
243 2876 318 2930 hunc
341 2893 450 2931 versum
473 2878 586 2943 inclusi,
612 2877 661 2930 sed
686 2876 794 2945 aliquid
819 2877 914 2931 deesse
936 2877 1026 2932 etiam
1046 2896 1120 2934 nunc

115 2949 221 3018 opinor.
241 2979 274 2989 -
293 2952 344 3001 880
365 2990 414 3002 ..,
434 2950 525 3003 latices
543 2948 629 3001 etiam
646 2945 736 3001 Giuss.
756 2948 805 3000 sed
823 2949 847 3001 si
866 2948 912 3002 lac
930 2948 960 3001 in
978 2964 1055 3018 aqua
1068 2952 1118 3018 cst,

115 3028 218 3088 aquam
242 3034 275 3072 co
302 3019 431 3086 colorari,
458 3035 515 3072 non
539 3019 597 3071 eius
623 3020 718 3090 guttas
739 3019 851 3073 mittere
874 3035 987 3073 neccsse
1011 3023 1062 3075 cst.
1084 3050 1117 3062 -

116 3096 167 3144 881
184 3132 189 3144 ,
206 3133 211 3143 .
227 3132 232 3143 .
249 3090 385 3160 laniperae
399 3090 476 3158 quali
494 3091 607 3158 (sapore)
625 3096 689 3143 sonet
702 3091 791 3144 obera
805 3091 882 3144 laetis
896 3089 1002 3158 Lemb.‚
1017 3091 1121 3158 Brund,

115 3159 214 3228 (diues,
234 3160 283 3214 sed
300 3159 387 3214 ubera
404 3175 461 3213 non
477 3158 583 3212 habent
601 3176 735 3228 saporem,
753 3160 808 3213 nisi
826 3176 889 3214 cum
903 3163 983 3215 cocta
1001 3162 1122 3216 edimus·

114 3232 198 3287 ubere
211 3246 275 3299 ego:
294 3230 475 3299 interpretor:
495 3230 573 3297 quali
591 3247 689 3299 sapore
707 3233 806 3302 guttae
818 3231 901 3284 lactis
919 3232 1031 3286 suntin
1047 3231 1120 3287 leni·

115 3317 199 3372 gerse
216 3301 309 3356 ubere.
345 3305 379 3354 ut
397 3316 448 3370 ego
466 3299 537 3367 Lm„
564 3301 686 3355 sednon
707 3303 782 3355 recte
799 3302 1014 3371 interpretatur:
1041 3303 1120 3372 quali

115 3388 179 3426 oves
198 3373 263 3425 sunt
279 3370 361 3425 lactis
374 3370 467 3425 ubere.
482 3402 515 3412 -
530 3377 580 3425 915
595 3389 669 3425 nunc
682 3372 723 3425 vir
774 3388 790 3425 a
803 3374 868 3442 post
879 3389 961 3442 super
973 3381 1014 3429 est
1025 3375 1121 3444 positu

115 3444 145 3498 et
157 3445 261 3511 puncto
278 3444 344 3510 post
357 3441 425 3496 aedi
443 3440 552 3495 sublato
571 3441 651 3496 effeci
668 3443 701 3495 ut
719 3442 827 3510 a'quid
845 3443 941 3497 deesse
962 3447 1071 3513 pateat.
1085 3475 1120 3488 -

106 3530 138 3584 p.
157 3513 207 3567 XL
225 3513 243 3568 l.
264 3518 280 3566 3
298 3513 361 3584 lege
380 3511 434 3566 3111
448 3530 488 3581 sq.
507 3543 541 3553 -
561 3518 611 3566 330
631 3513 703 3566 adde
721 3518 772 3566 333
791 3513 878 3584 (lm).
901 3544 935 3554 -
959 3520 1118 3571 338-1001

97 3585 179 3642 male
204 3585 379 3642 Susemihlio
403 3584 554 3642 obsecutus
573 3600 712 3639 pausum
727 3585 855 3639 rucueuti
872 3583 908 3638 ab
930 3584 975 3640 his
994 3587 1120 3642 versibus
