2438 3998
544 257 583 311 n
841 224 844 231 ’
1003 255 1065 322 mr

60 403 247 466 eosdevolet
268 407 300 466 in
322 411 433 466 terram
455 403 560 484 liquidi
583 403 664 467 color
686 423 794 467 aureus
816 407 907 486 ignis,
1027 423 1082 466 sos·

133 495 246 554 semina
269 493 347 572 qnod
370 493 465 553 nubes
487 495 568 572 ipsas
590 493 735 572 permulta
758 500 913 555 necessust

61 598 114 648 noa
133 583 211 660 ignis
233 580 356 643 habere:
379 583 491 642 etenim
514 598 581 641 cum
605 589 674 642 sunt
695 599 798 643 umore
821 584 885 643 sine
908 580 981 664 ullo,

131 671 285 730 flammeus
309 676 355 730 est
376 669 550 749 plerumque
573 668 654 730 colos
677 677 707 731 et
729 669 900 749 splendidus
924 668 999 730 ollis.

133 759 243 838 quippe
265 760 375 818 etenim
397 756 469 818 solis
492 757 529 818 de
551 756 663 819 lumine
686 757 778 818 multa
800 765 952 819 necessest

59 853 119 906 210
133 848 303 926 concipere,
325 853 360 906 nt
381 847 487 906 merito
509 843 636 906 rubeant
657 847 799 926 ignesque
821 844 1066 924 profundentem
1083 880 1086 884 ι

133 934 222 995 hasce
244 935 336 1012 igitur
358 951 426 994 cum
448 940 553 994 ventus
575 951 665 1012 agens
688 936 833 995 contrusit
854 936 886 994 in
909 951 1016 994 unum·

61 1037 116 1088 210
134 995 368 1101 conlpressitque
391 1020 489 1082 locum
511 1039 632 1103 cogens,
655 1035 795 1101 expressa
816 1021 999 1102 profundunt

134 1113 259 1190 semina,
283 1128 357 1190 quae
380 1109 492 1171 iaciunt
514 1109 647 1170 flammae
669 1109 783 1189 fulgere
806 1108 929 1171 colores.

134 1197 227 1278 fulget
248 1200 333 1279 item,
356 1216 423 1259 cnm
445 1205 600 1259 rarescunt
623 1217 738 1278 quoque
762 1197 862 1259 nebda
884 1197 966 1259 caeli.

62 1293 121 1347 215
133 1305 202 1347 nam
225 1304 293 1348 cnm
314 1292 420 1347 ventus
444 1304 493 1347 eas
515 1284 620 1348 leviter
642 1287 755 1347 diducit
777 1288 874 1347 euntis
1027 1307 1066 1348 ms

135 1374 342 1455 dissoluitque‚
365 1375 470 1435 cadant
491 1376 615 1452 ingratis
637 1375 686 1436 illa
708 1382 860 1436 necessest

63 1478 116 1529 215
136 1465 248 1524 semina
271 1481 345 1542 quae
368 1463 480 1524 faciunt
501 1461 659 1541 fulgorem:
681 1470 745 1523 tum
768 1465 832 1524 sine
854 1470 963 1524 taetro·
1014 1512 1016 1516 .

134 1560 250 1613 terrore
273 1558 303 1612 et
326 1553 425 1612 sonitu
446 1549 540 1628 fulget
561 1549 700 1630 nulloque
722 1551 858 1612 tumultu.

179 1638 264 1710 Quod
287 1646 435 1720 superest,
456 1634 544 1718 quoii
566 1646 670 1700 natura
692 1640 825 1718 praedita
847 1646 983 1701 constent

62 1727 268 1808 aeotulmina,
292 1726 442 1788 declarant
463 1729 526 1788 ictu
548 1729 613 1788 eius
635 1729 734 1787 inusta
755 1729 872 1807 vaporis
1027 1749 1087 1789 eme

136 1819 232 1897 signa,
254 1822 399 1895 notaeque
422 1817 519 1894 gravis
540 1806 666 1876 halantis
689 1815 818 1895 sulpuris
841 1833 941 1876 auras:

64 1921 117 1970 220
135 1906 213 1984 ignis
236 1906 315 1964 enim
338 1911 407 1964 sunt
428 1902 501 1964 haee
523 1921 582 1964 non
604 1905 685 1964 venti
707 1906 790 1982 signa
812 1921 909 1983 neque
931 1903 1043 1979 imbris.

135 1999 289 2072 praeterea
311 2010 399 2071 saepe
422 1990 586 2052 accendunt
608 2009 724 2071 proque
747 1997 825 2052 tecta
847 1991 1020 2053 domorum·

135 2088 166 2142 et
188 2079 279 2141 celeri
301 2080 417 2140 tlamma
439 2079 627 2140 dominantur
648 2082 680 2140 in
702 2079 824 2140 aedibus
846 2081 928 2158 ipsis.

63 2168 214 2230 225hunc
236 2168 292 2228 tibi
314 2167 452 2229 subtilem
475 2186 542 2228 enm
564 2170 669 2247 primis
690 2168 809 2247 ignibus
831 2170 931 2247 ignem
1028 2190 1067 2232 aar

137 2258 290 2317 constituit
310 2263 415 2317 natura
437 2258 559 2316 minutis
582 2255 799 2336 mobilibusque

65 2360 118 2410 225
137 2344 323 2426 corporibus,
346 2347 395 2405 cui
416 2344 458 2404 nil
481 2346 599 2404 omnino
624 2343 768 2405 obsistere
790 2345 892 2424 possit.

136 2434 244 2493 transit
266 2434 344 2493 enim
366 2432 494 2493 validum
516 2431 627 2494 fulmen
648 2451 703 2512 per
725 2440 807 2512 septa
830 2432 984 2493 domorum

137 2519 247 2581 elamor
269 2527 303 2581 ut
323 2539 357 2582 ac
378 2538 478 2602 voces,
500 2522 608 2581 transit
628 2539 683 2600 per
705 2539 786 2602 saxa,
809 2539 864 2600 per
886 2538 968 2601 aera,

62 2615 121 2667 230
137 2615 167 2669 et
189 2608 333 2688 liquidum
355 2616 466 2687 puncto
487 2609 558 2670 lacit
580 2627 629 2669 aes
652 2610 834 2688 intempore
854 2615 1068 2688 etaurum‚sso

136 2704 221 2757 curat
242 2699 314 2757 item
335 2698 372 2758 att
392 2700 468 2758 vasis
490 2699 615 2776 integris
637 2699 704 2757 rina
726 2703 848 2776 repente

65 2801 118 2850 230
138 2785 303 2866 diffugiant,
326 2787 407 2866 qnia,
429 2787 582 2865 nimirum,
605 2783 689 2845 facile
713 2787 810 2845 omnia
833 2786 944 2845 circum

137 2872 271 2934 conlaxat
292 2891 417 2952 rareque
440 2873 511 2934 lacit
532 2872 701 2934 lateramina
724 2875 801 2933 rasis

137 2960 295 3022 adveniens
318 2961 398 3023 calor
419 2964 497 3041 eins,
520 2968 551 3021 et
572 2962 738 3022 insinuatus
760 2963 792 3021 in
814 2962 913 3040 ipsum

63 3056 122 3108 235
136 3048 285 3110 mobiliter
307 3048 425 3110 soluens
448 3049 547 3109 differt
568 3049 729 3128 primordia
751 3051 820 3109 vini.
1029 3069 1070 3111 ees

137 3137 216 3216 quod
238 3137 309 3198 solis
332 3156 422 3217 vapor
444 3144 570 3199 aetatem
591 3155 652 3198 non
673 3155 761 3216 posse
785 3137 901 3198 ridetur

65 3240 119 3290 235
137 3226 255 3287 efficere
277 3244 371 3306 nsque
394 3226 466 3288 adeo
489 3225 604 3306 pollens
626 3226 741 3288 fervore
764 3243 896 3286 corusco.

137 3319 218 3374 tanto
241 3313 378 3375 mobilior
399 3317 444 3375 vis
466 3321 497 3375 et
518 3313 716 3375 dominantior
738 3315 811 3376 haee
834 3321 889 3375 est.

181 3400 266 3463 Nunc
288 3421 323 3464 ea
345 3420 403 3483 qno
425 3410 510 3483 pacto
534 3404 691 3482 gignantur
713 3410 744 3464 et
765 3405 874 3482 impete
896 3409 977 3464 tanto

64 3490 206 3551 240liant
227 3498 261 3552 ut
282 3494 398 3570 possint
418 3493 480 3552 ictu
503 3490 670 3552 discludere
693 3493 798 3573 turris,
1030 3513 1071 3553 mo

137 3577 304 3641 disturbare
327 3580 443 3662 domos,
466 3579 591 3641 avellere
613 3582 694 3659 tigna
716 3579 887 3660 trabesque,

121 3688 265 3732 necemus.
278 3691 313 3732 erl
327 3691 453 3742 Brieger.
826 3685 859 3734 12
