2438 3998
135 218 179 283 50
622 215 649 273 11

207 382 282 444 quae
304 363 380 425 bene
404 370 434 424 61
457 364 564 423 eximie
588 365 721 443 quamvis
745 362 877 441 disposta
901 363 1046 444 ferantur,

136 467 192 519 645
205 453 292 531 longe
316 458 385 512 sunt
406 458 506 512 tamen
529 469 546 511 6
568 470 637 512 vera
659 453 773 512 ratione
795 450 922 529 repulsa.

136 556 188 606 645
208 543 304 600 omnis
327 541 406 600 enim
428 557 483 618 per
505 557 538 600 se
561 539 660 600 divom
681 547 788 601 natura
809 545 962 600 necessest
1104 551 1146 591 ⁶4⁶

207 627 357 688 inmortali
380 645 450 688 aevo
474 645 589 688 summa
611 646 680 689 oum
702 646 774 707 pace
798 628 912 688 fruatur

208 722 320 777 semota
343 714 378 776 ab
401 717 513 776 nostris
535 715 625 776 rebus
648 718 839 794 seiunctaque
862 714 962 792 longe:

206 822 275 865 nam
297 806 411 882 privata
434 802 535 863 dolore
559 805 653 884 omui,
675 806 787 882 privata
809 802 943 882 periclis,

137 895 271 972 6561666
294 894 357 952 6616
379 891 493 970 pollens
517 890 636 972 opibus,
657 891 700 951 nil
722 891 821 969 indiga
844 891 953 970 nostri,
1105 903 1149 943 666

137 997 189 1046 656
206 999 263 1041 666
285 980 362 1041 bene
384 981 556 1059 promeritis
578 981 694 1058 capitur
716 997 812 1057 neque
834 980 967 1057 tangitur
988 980 1040 1038 ira.

137 1084 193 1135 655
208 1069 258 1129 hic
280 1070 376 1147 siquis
398 1085 480 1128 mare
502 1065 672 1146 Neptunum
695 1067 893 1145 Cereremque
916 1083 1021 1126 vocare
1105 1080 1146 1120 656

209 1158 361 1218 6666111611
383 1155 484 1234 fruges
507 1162 538 1216 et
559 1155 667 1216 Bacchi
688 1157 808 1215 nomine
831 1154 914 1215 abuti

208 1244 317 1305 mavolt
340 1261 427 1322 quam
449 1242 546 1303 laticis
568 1245 722 1322 proprium
743 1242 879 1321 prolerre
901 1259 1055 1321 vocamen,

209 1331 405 1392 concedamus
428 1337 462 1391 ut
482 1331 531 1391 hic
554 1338 702 1391 terrarum
725 1330 841 1391 dictitet
863 1328 966 1390 orbem

139 1437 191 1489 655
209 1437 275 1480 6666
298 1417 386 1479 deum
409 1424 547 1499 matrem,
569 1417 640 1478 dum
662 1436 732 1479 vera
754 1436 787 1478 re
809 1424 909 1478 tamen
931 1419 995 1496 ipse
1106 1431 1146 1471 666

139 1524 193 1576 666
209 1507 351 1585 religione
375 1508 506 1567 animum
527 1508 608 1584 turpi
630 1507 802 1584 contingere
822 1511 931 1584 parcat.
1106 1519 1147 1558 666

138 1610 195 1665 666
255 1594 345 1654 Terra
368 1594 488 1673 quidem
510 1611 580 1653 vero
603 1600 684 1654 caret
706 1596 787 1654 omni
809 1600 942 1672 tempore
966 1611 1069 1674 sensu,
1106 1605 1146 1648 666

209 1689 240 1743 61
263 1684 331 1762 quia
353 1682 512 1743 multarum
534 1683 647 1760 potitur
668 1680 830 1761 primordia
852 1699 966 1761 rerum,
1060 1699 1062 1703 ·

209 1770 301 1831 multa
323 1769 419 1830 modis
442 1769 543 1830 multis
566 1769 704 1830 61166116
726 1768 838 1831 lumina
861 1768 941 1830 solis.
1107 1782 1147 1823 666

140 1875 192 1924 666
209 1874 299 1937 66666
322 1860 421 1937 itaque
444 1876 481 1918 ex
503 1875 562 1918 uuo
585 1857 742 1919 tondentes
764 1859 896 1936 gramina
919 1874 1022 1935 campo
1107 1871 1148 1911 eoo

211 1945 357 2023 lanigerae
380 1945 510 2024 pecudes
533 1953 563 2006 et
585 1964 730 2025 equorum
754 1944 879 2006 duellica
900 1944 999 2023 proles

210 2034 407 2111 buceriaeque
431 2051 536 2111 greges
558 2034 663 2094 eodem
686 2032 741 2094 sub
763 2035 894 2111 tegmine
916 2031 990 2093 caeli

211 2139 248 2182 ex
270 2138 388 2200 unoque
412 2122 493 2180 sitim
515 2120 652 2182 sedantes
675 2122 796 2181 flumine
819 2122 906 2199 aquai

140 2224 196 2277 665
212 2207 351 2269 dissimili
373 2209 473 2268 vivont
494 2210 593 2287 specie
616 2211 804 2287 retinentque
829 2215 986 2287 parentum
1107 2220 1147 2262 665

140 2312 192 2362 665
211 2303 345 2357 naturam
369 2303 400 2356 et
420 2313 519 2356 mores
542 2299 704 2374 generatim
728 2314 860 2375 quaeque
883 2298 1044 2358 imitantur.

210 2390 321 2446 tantast
342 2386 375 2444 iu
397 2386 500 2463 quovis
523 2402 631 2462 genere
653 2383 763 2445 herbae
786 2386 921 2445 materiai

212 2471 366 2532 dissimilis
388 2473 477 2552 ratio,
499 2479 609 2533 tantast
631 2474 662 2532 in
684 2471 805 2532 flumine
829 2489 954 2551 quoque.

210 2561 280 2620 hinc
302 2578 391 2639 porro
415 2561 547 2639 quamvis
571 2562 749 2621 animantem
771 2579 809 2621 ex
832 2559 970 2620 omnibus
992 2578 1082 2621 unam

140 2664 196 2715 670
210 2666 278 2708 ossa
300 2666 389 2709 cruor
411 2666 502 2709 venae
526 2647 605 2708 calor
627 2665 713 2709 umor
735 2649 850 2709 viscera
871 2650 956 2708 nervi

140 2751 193 2802 616
211 2737 407 2817 constituunt,
430 2754 505 2815 quae
529 2743 598 2796 sunt
619 2753 709 2815 porro
732 2736 870 2796 distantia
891 2735 991 2817 louge,
1108 2752 1149 2791 cro

212 2824 350 2885 dissimili
371 2824 502 2903 66616616
524 2824 618 2902 figura
640 2825 864 2903 principiorum.

210 2919 274 2972 tum
297 2930 386 2991 porro
410 2930 612 2991 quaecumque
635 2914 698 2992 igni
719 2911 866 2972 flammata
889 2920 1071 2993 cremantur,

212 3003 238 3061 si
260 2999 303 3060 nil
325 3005 490 3080 praeterea,
513 3006 612 3060 tamen
634 2999 708 3060 haec
730 3002 763 3060 iu
786 3017 911 3078 corpore
934 2998 1043 3080 celant,

141 3088 291 3156 66566616
314 3090 413 3166 ignem
436 3089 534 3148 iacere
556 3087 709 3149 etlumen
732 3089 917 3148 summittere
940 3090 1058 3167 possint

141 3190 193 3241 665
213 3175 414 3254 scintillasque
436 3192 523 3255 agere
546 3192 580 3234 ac
602 3173 660 3235 late
683 3174 804 3236 differre
826 3174 962 3237 favillam.
1109 3191 1150 3231 ora

212 3269 310 3323 cetera
332 3262 480 3323 consimili
502 3263 611 3323 mentis
634 3265 747 3324 ratione
770 3280 932 3342 peragrans

211 3350 343 3409 invenies
365 3351 456 3427 igitur
478 3349 638 3411 multarum
662 3353 775 3412 semina
797 3368 899 3412 rerum
990 3404 992 3408 .

212 3454 336 3515 corpore
361 3435 456 3497 celare
480 3443 511 3498 ct
532 3440 628 3498 varias
651 3438 790 3500 cohibere
814 3440 932 3518 figuras.

140 3526 339 3605 6661661666
361 3523 453 3586 multa
475 3524 567 3606 vides,
593 3527 700 3605 quihus
724 3534 754 3587 et
776 3526 857 3587 color
880 3532 910 3588 et
933 3545 1020 3606 sapor
1037 3545 1097 3588 una
1110 3540 1152 3583 cao
