2438 3998
553 210 580 263 11

131 360 161 414 et
183 373 241 432 quo
264 357 356 415 mixta
378 362 464 435 putes
487 359 580 434 magis
603 375 706 436 aspera
729 357 843 418 levibus
867 376 933 419 esse

130 445 299 525 principiis,
323 444 431 504 undest
453 444 583 524 Neptuni
606 463 714 523 corpus
736 445 889 528 acerbum,

59 538 112 587 465
132 537 178 591 est
200 534 274 592 ratio
299 532 473 593 secernendi
497 551 689 612 seorsumque
712 533 844 615 videndi,
1026 549 1066 588 474

60 624 114 676 475
130 638 216 680 nmor
239 618 347 700 dulcis,
369 620 421 681 ubi
443 639 496 700 per
518 620 771 683 terrascrebrins
793 621 873 683 idem
1026 637 1067 676 474

131 708 311 788 percolatur,
336 716 368 770 ut
390 712 421 769 in
444 709 557 769 foveam
579 709 652 770 ssuat
673 727 707 770 ao
729 718 928 792 mansuescat3
1026 723 1067 764 477

60 802 115 853 474
131 796 238 875 linquit
260 799 338 857 enim
363 815 469 876 supera
491 799 579 858 taetri
601 797 763 876 primordia
785 801 854 880 riri,
1027 813 1067 853 470

61 892 115 942 479
132 903 236 964 aspera
258 904 357 964 quom.
370 887 464 964 magis
486 888 517 946 in
542 887 629 946 terris
651 885 825 946 haerescere
848 889 971 965 possint.
1026 902 1066 942 477

61 980 114 1028 470
133 975 231 1033 omnia
253 980 403 1051 postremo
427 992 501 1052 quae
524 981 633 1053 puncto
656 980 788 1053 tempore
811 977 910 1036 cernis
1027 991 1067 1030 444

133 1062 289 1142 diffugere,
312 1070 345 1121 ut
368 1062 480 1122 fumum
503 1060 625 1123 nebulas
648 1061 851 1144 flammasque,
873 1072 1038 1145 necessest,

133 1152 280 1209 siminus
303 1152 401 1210 omnia
424 1157 494 1210 sunt
517 1170 533 1210 4
555 1149 669 1211 levibus
693 1157 779 1230 atque
803 1152 953 1234 rutundis,

133 1245 163 1298 at
184 1256 244 1298 non
267 1256 333 1298 esse
356 1245 455 1299 tamen
477 1238 626 1318 perplexis
648 1239 833 1321 indupedita,

61 1334 117 1384 400
131 1344 263 1405 pungere
287 1328 331 1386 uti
353 1329 470 1406 possint
492 1345 599 1406 corpus
622 1335 837 1407 penetrareque
861 1347 943 1411 saxa,
991 1379 993 1382 .
1027 1342 1068 1381 4⁶⁰

61 1421 114 1472 475
132 1433 188 1475 444
210 1423 310 1475 tamen
327 1414 450 1475 haerere
473 1417 552 1476 inter
575 1434 606 1476 se
631 1415 709 1494 quod
732 1434 858 1496 cumque
880 1417 1014 1478 videmus

557 1523 575 1562 44

134 1590 272 1652 sensibus
295 1609 360 1652 esse
384 1592 497 1674 datum,
519 1591 605 1652 facile
627 1598 662 1652 ut
684 1610 862 1671 cognoscere
885 1596 983 1673 possis

132 1698 193 1740 non
216 1698 232 1740 4
255 1679 404 1759 perplexis
428 1679 480 1740 sed
503 1682 598 1741 acutis
621 1698 687 1740 4444
709 1680 872 1760 elementis.
1027 1696 1068 1736 444

558 1790 576 1824 ιιι

178 1856 261 1927 Quod
281 1859 418 1935 quoniam
437 1857 533 1938 docui,
551 1873 671 1936 pergam
692 1863 847 1917 conectere
861 1874 925 1918 rem
940 1876 1014 1938 quae
1027 1873 1067 1914 4⁷8

134 1963 170 2004 ex
193 1945 249 2004 hoc
272 1952 339 2024 apta
360 1945 449 2006 fidem
472 1945 571 2026 ducat,
593 1945 755 2024 primordia
777 1953 878 2006 rerum

64 2042 116 2090 480
135 2034 218 2092 finita
240 2035 353 2094 variare
376 2035 537 2111 figurarum
559 2035 681 2094 ratione.

135 2121 214 2200 quod
236 2123 262 2181 si
283 2140 343 2181 non
366 2124 406 2182 ita
430 2124 481 2203 sit,
504 2140 622 2183 rursum
644 2123 703 2182 iam
726 2124 839 2182 semina
862 2122 1003 2202 quaedam

135 2228 200 2270 esse
224 2210 338 2270 infinito
361 2209 512 2270 debebunt
533 2212 667 2289 corporis
690 2218 786 2270 auctu.

133 2316 260 2376 namque
282 2300 313 2358 in
337 2300 439 2359 eadem
460 2317 519 2358 una
542 2300 672 2358 cuiusvis
693 2301 752 2359 iam
774 2298 918 2360 brevitate

135 2388 268 2464 corporis
290 2388 368 2447 inter
391 2405 423 2447 se
445 2386 570 2447 multum
592 2388 704 2447 variare
727 2388 838 2465 figurae

63 2482 115 2531 484
134 2492 194 2535 444
216 2481 348 2553 possunt
385 2475 431 2535 fao
453 2477 532 2536 enim
554 2477 686 2535 minimis
709 2493 725 2535 e
748 2475 882 2554 partibus
905 2493 971 2535 esse

134 2580 258 2640 corpora
279 2565 374 2640 prima
396 2562 505 2644 tribus,
527 2561 574 2622 441
597 2562 683 2642 paulo
705 2562 841 2641 pluribus
865 2581 952 2642 auge:

134 2668 240 2728 nempe
263 2651 315 2710 ubi
338 2669 387 2710 eas
410 2653 501 2730 partis
523 2653 612 2711 nnius
634 2653 767 2730 corporis
790 2653 899 2732 omnis,

134 2756 247 2799 summa
270 2745 357 2816 atque
380 2741 438 2800 ima
460 2739 574 2819 locans,
596 2746 796 2799 transmutans
819 2739 940 2800 dextera
962 2738 1066 2819 laevis,

134 2827 311 2887 omnimodis
334 2835 472 2906 expertus
495 2829 568 2908 eris,
592 2845 679 2906 qnam
701 2828 827 2906 quisque
851 2827 901 2887 det
923 2826 995 2888 ordo

63 2925 115 2975 400
134 2916 239 2975 formai
262 2917 391 2993 speciem
413 2917 505 2977 totius
528 2917 661 2993 corporis
685 2918 763 2995 eius,

134 3004 212 3082 quod
236 3011 371 3081 superest
394 3006 419 3063 si
442 3004 518 3064 forte
540 3004 621 3064 voles
643 3006 756 3065 variare
780 3004 903 3085 figuras,

134 3091 300 3153 addendum
322 3093 414 3170 partis
438 3091 509 3153 alias
532 3095 597 3163 erit.
634 3093 703 3152 inde
727 3099 881 3172 sequetur,

133 3180 260 3241 adsimili
282 3183 396 3240 ratione
419 3179 490 3240 alias
512 3187 546 3241 ut
567 3179 696 3258 postulet
719 3180 803 3263 ordo,

133 3272 160 3330 si
182 3277 215 3330 tu
238 3270 313 3329 forte
335 3269 416 3328 voles
438 3270 528 3329 etiam
550 3270 662 3329 variare
686 3269 802 3347 figuras.
894 3296 899 3305 ·

60 3368 113 3418 444
132 3376 202 3438 ergo
226 3358 386 3418 formarum
408 3359 567 3417 novitatem
591 3358 724 3436 corporis
746 3375 871 3437 augmen

131 3447 330 3525 subsequitur.
367 3463 457 3524 quare
480 3463 540 3506 non
563 3452 664 3506 estut
686 3444 807 3506 credere
829 3449 927 3525 possis

131 3553 197 3598 esse
220 3535 343 3595 infinitis
367 3535 505 3594 distantia
528 3535 641 3594 semina
663 3534 780 3614 formis,
