2438 3998
151 227 215 291 145
635 224 661 278 V

220 380 266 432 est
288 374 377 432 etiam
400 388 517 450 quoque
540 372 585 432 uti
606 373 702 450 possit
724 370 838 432 caelum
860 390 947 432 omne
969 390 1093 434 manere

220 463 252 520 in
274 462 414 539 statione,
436 465 534 520 tamen
557 477 625 520 cum
647 459 744 521 lucida
767 462 850 539 signa
872 460 1017 541 ferantur,

220 550 281 609 sive
304 547 384 627 quod
405 545 513 607 inclusi
535 548 631 626 rapidi
654 556 723 609 sunt
744 549 873 608 aetheris
896 556 995 609 aestus

150 652 202 704 540
221 643 453 715 quaerentesque
476 637 552 696 viam
576 637 843 698 circumversantur
866 643 896 697 et
917 639 1002 715 ignes
1115 662 1159 703 sno

150 732 205 784 521
220 727 330 803 passim
352 742 407 803 per
428 722 502 784 caeli
524 722 644 785 volvunt
666 727 829 785 summania
851 724 973 805 templa,

221 815 281 873 sire
305 812 422 874 aliunde
444 811 540 873 fluens
562 812 696 873 alicunde
720 815 905 874 extrinsecus
927 817 978 873 aer

220 909 317 962 versat
339 919 429 980 agens
451 902 541 980 ignis,
564 902 625 961 sive
647 903 706 981 ipsi
729 919 848 980 serpere
871 908 997 980 possunt

221 1008 278 1068 quo
302 992 444 1068 cuiusque
468 987 552 1049 cibus
574 995 657 1049 vocat
680 995 767 1069 atque
789 991 894 1050 invitat
915 991 1026 1069 euntis,

150 1094 201 1144 545
220 1078 353 1138 flammea
376 1095 430 1156 per
452 1075 566 1138 caelum
588 1079 736 1155 pascentis
759 1095 883 1156 corpora
905 1079 1023 1156 passim.
1113 1101 1157 1141 sss

150 1173 206 1225 526
220 1185 288 1226 nam
310 1165 381 1244 quid
404 1167 436 1224 in
458 1164 513 1224 hoc
537 1165 645 1225 mundo
669 1167 708 1225 sit
731 1183 833 1226 eorum
855 1156 967 1243 ponere
990 1173 1106 1226 certum

221 1254 381 1315 difficilest:
405 1253 456 1312 sed
480 1252 550 1330 quid
574 1255 669 1331 possit
691 1254 799 1332 fiatque
821 1271 876 1333 per
898 1271 984 1314 omne

220 1345 252 1403 in
275 1344 363 1402 variis
386 1339 504 1400 mundis
528 1343 607 1400 varia
629 1343 743 1401 ratione
766 1343 887 1421 creatis,

221 1430 251 1490 id
275 1430 379 1509 doceo,
401 1427 554 1507 plurisque
578 1446 686 1507 sequor
708 1428 865 1507 disponere
889 1447 1005 1508 causas,

151 1535 203 1585 550
221 1517 350 1578 motibus
373 1523 520 1577 astrorum
543 1535 617 1595 quae
639 1519 755 1596 possint
778 1536 844 1578 esse
866 1536 922 1597 per
943 1534 1045 1597 omne3
1115 1540 1159 1582 666

151 1615 236 1666 5316
260 1605 366 1684 quihus
389 1623 447 1665 una
469 1612 568 1665 tamen
590 1607 647 1665 siet
668 1605 717 1665 hic
741 1624 857 1684 qnoque
881 1624 969 1666 causa
991 1614 1158 1687 necessest,

222 1713 296 1774 quae
318 1700 421 1772 vegeat
443 1701 556 1754 motum
579 1695 684 1772 signis:
707 1694 760 1754 sed
785 1712 860 1773 quae
883 1696 921 1754 sit
944 1711 1046 1754 earum

222 1784 392 1862 praecipere
419 1781 664 1860 hautquaquamst
689 1781 900 1861 pedetemptim
925 1781 1156 1861 progredientis.

266 1869 327 1931 Neo
350 1871 471 1931 minimo
495 1869 566 1930 solis
588 1872 683 1930 maior
704 1877 768 1930 rota
791 1889 846 1931 nec
868 1872 967 1930 minor
988 1870 1096 1930 ardens

152 1975 203 2026 555
222 1977 288 2019 esse
311 1965 421 2038 potest,
444 1960 552 2031 nostris
576 1975 663 2037 quam
686 1957 822 2018 sensibus
845 1976 911 2019 esse
933 1958 1057 2019 videtur.
1115 1982 1159 2023 see

152 2056 207 2107 566
221 2065 289 2106 nam
312 2046 419 2125 quibus
443 2064 459 2106 e
483 2048 585 2125 spatiis
608 2064 733 2124 cumque
756 2049 840 2124 ignes
863 2045 974 2107 lumina
996 2056 1124 2126 possunt

222 2135 338 2195 adicere
362 2140 391 2194 et
414 2133 540 2195 calidum
563 2133 703 2194 membris
727 2134 835 2195 adflare
857 2152 1008 2215 vaporem,

222 2222 264 2282 nil
286 2218 344 2283 c'lla
366 2221 413 2282 his
435 2221 597 2282 intervallis
620 2222 656 2282 de
680 2241 805 2301 corpore
828 2221 921 2283 libant

222 2311 417 2389 flammarum,
440 2309 482 2370 nil
505 2309 541 2369 ad
565 2313 723 2388 speciemst
746 2313 924 2371 contractior
946 2313 1032 2390 ignis.

153 2417 204 2466 666
222 2398 359 2479 proinde,
382 2397 461 2458 calor
484 2400 622 2475 quoniam
646 2397 717 2458 solis
739 2397 897 2478 lumenque
920 2400 1073 2478 profusum
1117 2424 1160 2463 sue

152 2496 204 2546 571
222 2488 399 2566 perveniunt
420 2493 538 2546 nostros
561 2486 597 2546 ad
620 2505 725 2547 sensus
749 2495 779 2548 et
800 2485 865 2548 loca
887 2487 1030 2567 mulcent,
1117 2511 1162 2551 oro

223 2575 316 2635 forma
339 2592 455 2653 quoque
477 2573 547 2634 hino
569 2574 640 2635 solis
664 2574 752 2635 dehet
773 2574 913 2654 iilumque
935 2576 1043 2655 videri,
1118 2599 1163 2640 su

222 2663 264 2723 nil
287 2662 359 2722 adeo
381 2669 416 2722 ut
437 2665 534 2742 possis
557 2662 624 2742 plus
647 2665 819 2724 autminus
843 2664 964 2744 addere,
986 2682 1062 2723 vere.
1117 2687 1162 2727 cro

222 2751 348 2830 lunaque
373 2753 433 2811 sive
455 2751 545 2811 notho
569 2751 663 2812 fertur
685 2750 749 2811 loca
771 2750 882 2813 lumine
906 2751 1047 2831 lustrans,
1118 2774 1161 2816 aro

153 2857 204 2904 555
224 2842 284 2899 sive
309 2857 392 2900 suam
414 2842 535 2918 proprio
559 2842 647 2901 iactat
669 2839 705 2900 de
729 2858 853 2919 corpore
876 2839 984 2920 lucem,

153 2935 207 2987 576
224 2927 366 3006 quidquid
390 2927 422 2988 id
444 2933 502 3007 est,
524 2927 585 2988 nilo
608 2929 703 2989 fertur
724 2931 837 2988 maiore
860 2929 953 3006 ligura

46 3030 48 3035 ·
224 3034 323 3095 quam,
346 3017 457 3076 nostris
480 3016 574 3076 oculis
597 3034 654 3095 qua
677 3019 843 3096 cernimus,
866 3035 931 3076 esse
955 3016 1078 3076 videtur.
1162 3036 1163 3039 ¹

210 3121 289 3163 nam
312 3106 395 3182 prius
418 3106 528 3184 omnia,
551 3122 625 3182 quae
648 3103 735 3182 longe
759 3110 871 3164 semota
893 3112 1011 3165 tuemur

223 3197 291 3253 aera
313 3210 367 3273 per
389 3190 528 3271 mrdtum,
553 3193 650 3269 specio
674 3192 796 3253 confusa
817 3192 954 3253 videntur
1118 3215 1164 3256 ooo

152 3296 205 3346 676
224 3298 311 3359 quam
334 3282 429 3340 minui
451 3277 541 3339 filum.
579 3287 759 3358 quapropter
781 3278 851 3339 luna
873 3287 1037 3361 necessest,

151 3368 460 3447 581quandoquidem
483 3365 591 3428 claram
615 3370 745 3447 speciem
769 3375 939 3447 certamque
962 3371 1086 3448 liguram

223 3458 358 3537 praebet,
381 3462 414 3517 ut
436 3462 481 3516 est
506 3457 566 3515 oris
590 3458 730 3516 extremis
753 3475 879 3536 cumque
902 3464 1001 3518 notata

539 3541 776 3622 mm=mn
