<?xml version="1.0" encoding="UTF-8"?>
<!DOCTYPE html PUBLIC "-//W3C//DTD XHTML 1.0 Transitional//EN"
    "http://www.w3.org/TR/xhtml1/DTD/xhtml1-transitional.dtd">
<html xmlns="http://www.w3.org/1999/xhtml" xml:lang="en" lang="en">
 <head>
  <title>
</title>
<meta http-equiv="Content-Type" content="text/html;charset=utf-8" />
  <meta name='ocr-system' content='tesseract 3.04.00' />
  <meta name='ocr-capabilities' content='ocr_page ocr_carea ocr_par ocr_line ocrx_word'/>
</head>
<body>
  <div class='ocr_page' id='page_1' title='image "./tlucreticarider02carugoog_0236.png"; bbox 0 0 2438 3998; ppageno 0'>
   <div class='ocr_carea' id='block_1_1' title="bbox 567 189 1079 294">
    <p class='ocr_par' dir='ltr' id='par_1_1' title="bbox 567 189 1079 294">
     <span class='ocr_line' id='line_1_1' title="bbox 567 189 1079 294; baseline -0.004 1"><span class='ocrx_word' id='word_1_1' title='bbox 567 231 594 285; x_wconf 85' lang='lat' dir='ltr'><strong>v</strong></span> <span class='ocrx_word' id='word_1_2' title='bbox 892 189 895 194; x_wconf 61' lang='grc'><strong>’</strong></span> <span class='ocrx_word' id='word_1_3' title='bbox 1017 229 1079 294; x_wconf 80' lang='grc'>00</span> 
     </span>
    </p>
   </div>
   <div class='ocr_carea' id='block_1_2' title="bbox 77 377 1086 3550">
    <p class='ocr_par' dir='ltr' id='par_1_2' title="bbox 77 377 1086 3550">
     <span class='ocr_line' id='line_1_2' title="bbox 149 377 972 456; baseline 0.002 -20"><span class='ocrx_word' id='word_1_4' title='bbox 149 383 315 455; x_wconf 91' lang='lat' dir='ltr'>quantaque</span> <span class='ocrx_word' id='word_1_5' title='bbox 339 384 476 456; x_wconf 90' lang='lat' dir='ltr'>quantast</span> <span class='ocrx_word' id='word_1_6' title='bbox 497 377 566 438; x_wconf 90' lang='lat' dir='ltr'>hino</span> <span class='ocrx_word' id='word_1_7' title='bbox 588 377 674 438; x_wconf 89' lang='lat' dir='ltr'>nohis</span> <span class='ocrx_word' id='word_1_8' title='bbox 697 379 829 439; x_wconf 88' lang='lat' dir='ltr'>videatur</span> <span class='ocrx_word' id='word_1_9' title='bbox 851 381 883 440; x_wconf 92' lang='lat' dir='ltr'>in</span> <span class='ocrx_word' id='word_1_10' title='bbox 905 378 972 439; x_wconf 87' lang='lat' dir='ltr'>alto.</span> 
     </span>
     <span class='ocr_line' id='line_1_3' title="bbox 150 466 1081 548; baseline 0.005 -23"><span class='ocrx_word' id='word_1_11' title='bbox 150 472 300 544; x_wconf 89' lang='lat' dir='ltr'>postremo</span> <span class='ocrx_word' id='word_1_12' title='bbox 324 484 525 544; x_wconf 88' lang='lat' dir='ltr'>quoscumque</span> <span class='ocrx_word' id='word_1_13' title='bbox 550 466 631 526; x_wconf 83' lang='lat' dir='ltr'>uides</span> <span class='ocrx_word' id='word_1_14' title='bbox 653 466 723 527; x_wconf 90' lang='lat' dir='ltr'>hino</span> <span class='ocrx_word' id='word_1_15' title='bbox 746 467 875 528; x_wconf 87' lang='lat' dir='ltr'>aetheris</span> <span class='ocrx_word' id='word_1_16' title='bbox 898 469 996 548; x_wconf 85' lang='lat' dir='ltr'>ignes,</span> <span class='ocrx_word' id='word_1_17' title='bbox 1040 488 1081 530; x_wconf 82' lang='lat' dir='ltr'>aas</span> 
     </span>
     <span class='ocr_line' id='line_1_4' title="bbox 77 553 1081 637; baseline -0.003 -19"><span class='ocrx_word' id='word_1_18' title='bbox 77 570 131 618; x_wconf 76' lang='lat' dir='ltr'>oto</span> <span class='ocrx_word' id='word_1_19' title='bbox 151 553 390 632; x_wconf 88' lang='lat' dir='ltr'>quandoquidem</span> <span class='ocrx_word' id='word_1_20' title='bbox 418 571 620 632; x_wconf 87' lang='lat' dir='ltr'>quoscumque</span> <span class='ocrx_word' id='word_1_21' title='bbox 649 555 792 615; x_wconf 90' lang='lat' dir='ltr'>interris</span> <span class='ocrx_word' id='word_1_22' title='bbox 816 557 964 616; x_wconf 80' lang='lat' dir='ltr'>cernimus</span> <span class='ocrx_word' id='word_1_23' title='bbox 987 558 1081 637; x_wconf 82' lang='lat' dir='ltr'>ignes,</span> 
     </span>
     <span class='ocr_line' id='line_1_5' title="bbox 78 641 1086 725; baseline 0.004 -24"><span class='ocrx_word' id='word_1_24' title='bbox 78 650 135 701; x_wconf 83' lang='lat'>586</span> <span class='ocrx_word' id='word_1_25' title='bbox 151 643 221 702; x_wconf 88' lang='lat' dir='ltr'>dum</span> <span class='ocrx_word' id='word_1_26' title='bbox 244 650 356 702; x_wconf 91' lang='lat' dir='ltr'>tremor</span> <span class='ocrx_word' id='word_1_27' title='bbox 378 642 424 704; x_wconf 79' lang='lat' dir='ltr'>est</span> <span class='ocrx_word' id='word_1_28' title='bbox 445 641 555 722; x_wconf 85' lang='lat' dir='ltr'>clarus,</span> <span class='ocrx_word' id='word_1_29' title='bbox 578 642 648 702; x_wconf 89' lang='lat' dir='ltr'>dum</span> <span class='ocrx_word' id='word_1_30' title='bbox 671 645 803 704; x_wconf 87' lang='lat' dir='ltr'>cernitur</span> <span class='ocrx_word' id='word_1_31' title='bbox 825 643 913 704; x_wconf 89' lang='lat' dir='ltr'>ardor</span> <span class='ocrx_word' id='word_1_32' title='bbox 935 662 1052 725; x_wconf 81' lang='lat' dir='ltr'>eorum,</span> <span class='ocrx_word' id='word_1_33' title='bbox 1082 662 1086 669; x_wconf 85' lang='grc'><strong>’</strong></span> 
     </span>
     <span class='ocr_line' id='line_1_6' title="bbox 150 730 954 809; baseline 0.004 -19"><span class='ocrx_word' id='word_1_34' title='bbox 150 748 324 809; x_wconf 85' lang='lat' dir='ltr'>perparvom</span> <span class='ocrx_word' id='word_1_35' title='bbox 347 730 486 809; x_wconf 83' lang='lat' dir='ltr'>quiddam</span> <span class='ocrx_word' id='word_1_36' title='bbox 510 730 659 791; x_wconf 88' lang='lat' dir='ltr'>interdum</span> <span class='ocrx_word' id='word_1_37' title='bbox 681 738 795 791; x_wconf 88' lang='lat' dir='ltr'>mutare</span> <span class='ocrx_word' id='word_1_38' title='bbox 817 731 954 793; x_wconf 86' lang='lat' dir='ltr'>ridentur</span> 
     </span>
     <span class='ocr_line' id='line_1_7' title="bbox 151 818 1063 901; baseline 0.002 -21"><span class='ocrx_word' id='word_1_39' title='bbox 151 819 271 880; x_wconf 87' lang='lat' dir='ltr'>alteram</span> <span class='ocrx_word' id='word_1_40' title='bbox 295 825 392 880; x_wconf 92' lang='lat' dir='ltr'>utram</span> <span class='ocrx_word' id='word_1_41' title='bbox 415 821 447 879; x_wconf 89' lang='lat' dir='ltr'>in</span> <span class='ocrx_word' id='word_1_42' title='bbox 469 825 584 897; x_wconf 91' lang='lat' dir='ltr'>partem</span> <span class='ocrx_word' id='word_1_43' title='bbox 606 818 701 900; x_wconf 84' lang='lat' dir='ltr'>iilum,</span> <span class='ocrx_word' id='word_1_44' title='bbox 725 837 782 898; x_wconf 95' lang='lat' dir='ltr'>quo</span> <span class='ocrx_word' id='word_1_45' title='bbox 804 819 920 899; x_wconf 86' lang='lat' dir='ltr'>longius</span> <span class='ocrx_word' id='word_1_46' title='bbox 943 819 1063 901; x_wconf 84' lang='lat' dir='ltr'>absunt,</span> 
     </span>
     <span class='ocr_line' id='line_1_8' title="bbox 151 906 1081 986; baseline 0.004 -18"><span class='ocrx_word' id='word_1_47' title='bbox 151 909 227 968; x_wconf 86' lang='lat' dir='ltr'>seire</span> <span class='ocrx_word' id='word_1_48' title='bbox 251 907 321 968; x_wconf 86' lang='lat' dir='ltr'>licet</span> <span class='ocrx_word' id='word_1_49' title='bbox 343 925 485 986; x_wconf 80' lang='lat' dir='ltr'><strong>perquam</strong></span> <span class='ocrx_word' id='word_1_50' title='bbox 507 906 635 986; x_wconf 85' lang='lat' dir='ltr'>pauxillo</span> <span class='ocrx_word' id='word_1_51' title='bbox 658 925 746 986; x_wconf 87' lang='lat' dir='ltr'>posse</span> <span class='ocrx_word' id='word_1_52' title='bbox 768 910 900 968; x_wconf 88' lang='lat' dir='ltr'>minores</span> <span class='ocrx_word' id='word_1_53' title='bbox 1040 931 1081 972; x_wconf 75' lang='lat' dir='ltr'>aas</span> 
     </span>
     <span class='ocr_line' id='line_1_9' title="bbox 78 995 1081 1074; baseline -0.002 -12"><span class='ocrx_word' id='word_1_54' title='bbox 78 1011 131 1062; x_wconf 84' lang='grc'>580</span> <span class='ocrx_word' id='word_1_55' title='bbox 150 1014 216 1056; x_wconf 85' lang='grc'>0550</span> <span class='ocrx_word' id='word_1_56' title='bbox 239 995 285 1056; x_wconf 91' lang='lat' dir='ltr'>vel</span> <span class='ocrx_word' id='word_1_57' title='bbox 308 998 413 1074; x_wconf 88' lang='lat' dir='ltr'>exigua</span> <span class='ocrx_word' id='word_1_58' title='bbox 431 997 553 1056; x_wconf 92' lang='lat' dir='ltr'>maioris</span> <span class='ocrx_word' id='word_1_59' title='bbox 575 1002 658 1074; x_wconf 88' lang='lat' dir='ltr'>parte</span> <span class='ocrx_word' id='word_1_60' title='bbox 680 996 830 1074; x_wconf 89' lang='lat' dir='ltr'>brevique.</span> <span class='ocrx_word' id='word_1_61' title='bbox 1041 1018 1081 1060; x_wconf 84' lang='grc'>505</span> 
     </span>
     <span class='ocr_line' id='line_1_10' title="bbox 78 1083 1081 1165; baseline 0.005 -22"><span class='ocrx_word' id='word_1_62' title='bbox 78 1091 132 1143; x_wconf 82' lang='grc'>591</span> <span class='ocrx_word' id='word_1_63' title='bbox 193 1083 268 1144; x_wconf 90' lang='lat' dir='ltr'>Illud</span> <span class='ocrx_word' id='word_1_64' title='bbox 291 1087 363 1144; x_wconf 86' lang='lat' dir='ltr'>item</span> <span class='ocrx_word' id='word_1_65' title='bbox 385 1101 446 1144; x_wconf 88' lang='lat' dir='ltr'>non</span> <span class='ocrx_word' id='word_1_66' title='bbox 468 1091 514 1144; x_wconf 89' lang='lat' dir='ltr'>est</span> <span class='ocrx_word' id='word_1_67' title='bbox 536 1083 716 1165; x_wconf 79' lang='lat' dir='ltr'>mirandum,</span> <span class='ocrx_word' id='word_1_68' title='bbox 739 1103 796 1162; x_wconf 89' lang='lat' dir='ltr'>qua</span> <span class='ocrx_word' id='word_1_69' title='bbox 818 1086 932 1144; x_wconf 87' lang='lat' dir='ltr'>ratione</span> <span class='ocrx_word' id='word_1_70' title='bbox 1041 1107 1081 1149; x_wconf 83' lang='lat' dir='ltr'>sao</span> 
     </span>
     <span class='ocr_line' id='line_1_11' title="bbox 150 1171 944 1253; baseline 0 -21"><span class='ocrx_word' id='word_1_71' title='bbox 150 1171 280 1233; x_wconf 87' lang='lat' dir='ltr'>tantulus</span> <span class='ocrx_word' id='word_1_72' title='bbox 304 1171 353 1232; x_wconf 89' lang='lat' dir='ltr'>ille</span> <span class='ocrx_word' id='word_1_73' title='bbox 377 1179 465 1251; x_wconf 90' lang='lat' dir='ltr'>queat</span> <span class='ocrx_word' id='word_1_74' title='bbox 487 1179 601 1233; x_wconf 87' lang='lat' dir='ltr'>tantum</span> <span class='ocrx_word' id='word_1_75' title='bbox 625 1171 668 1232; x_wconf 94' lang='lat' dir='ltr'>sol</span> <span class='ocrx_word' id='word_1_76' title='bbox 691 1174 808 1233; x_wconf 88' lang='lat' dir='ltr'>mittere</span> <span class='ocrx_word' id='word_1_77' title='bbox 831 1172 944 1253; x_wconf 85' lang='lat' dir='ltr'>lumen,</span> 
     </span>
     <span class='ocr_line' id='line_1_12' title="bbox 151 1260 978 1339; baseline 0.001 -20"><span class='ocrx_word' id='word_1_78' title='bbox 151 1261 229 1338; x_wconf 92' lang='lat' dir='ltr'>quod</span> <span class='ocrx_word' id='word_1_79' title='bbox 252 1262 344 1320; x_wconf 88' lang='lat' dir='ltr'>maria</span> <span class='ocrx_word' id='word_1_80' title='bbox 368 1278 402 1320; x_wconf 90' lang='lat' dir='ltr'>ao</span> <span class='ocrx_word' id='word_1_81' title='bbox 423 1267 520 1321; x_wconf 88' lang='lat' dir='ltr'>terras</span> <span class='ocrx_word' id='word_1_82' title='bbox 543 1263 639 1320; x_wconf 92' lang='lat' dir='ltr'>omnis</span> <span class='ocrx_word' id='word_1_83' title='bbox 662 1260 833 1339; x_wconf 87' lang='lat' dir='ltr'>caelumque</span> <span class='ocrx_word' id='word_1_84' title='bbox 856 1261 978 1339; x_wconf 91' lang='lat' dir='ltr'>rigando</span> 
     </span>
     <span class='ocr_line' id='line_1_13' title="bbox 151 1339 1079 1428; baseline 0.003 -19"><span class='ocrx_word' id='word_1_85' title='bbox 151 1339 296 1428; x_wconf 85' lang='lat' dir='ltr'>compleat</span> <span class='ocrx_word' id='word_1_86' title='bbox 319 1355 349 1408; x_wconf 87' lang='lat' dir='ltr'>et</span> <span class='ocrx_word' id='word_1_87' title='bbox 372 1347 466 1409; x_wconf 80' lang='lat' dir='ltr'>ualido</span> <span class='ocrx_word' id='word_1_88' title='bbox 489 1348 648 1427; x_wconf 77' lang='lat' dir='ltr'>pertundet</span> <span class='ocrx_word' id='word_1_89' title='bbox 670 1357 775 1410; x_wconf 81' lang='lat' dir='ltr'>cuneta</span> <span class='ocrx_word' id='word_1_90' title='bbox 798 1367 914 1428; x_wconf 79' lang='lat' dir='ltr'>vapore.</span> <span class='ocrx_word' id='word_1_91' title='bbox 1038 1373 1079 1414; x_wconf 79' lang='lat' dir='ltr'>aaa</span> 
     </span>
     <span class='ocr_line' id='line_1_14' title="bbox 78 1436 1079 1515; baseline -0.004 -11"><span class='ocrx_word' id='word_1_92' title='bbox 78 1453 132 1504; x_wconf 81' lang='grc'>585</span> <span class='ocrx_word' id='word_1_93' title='bbox 150 1456 218 1498; x_wconf 87' lang='lat' dir='ltr'>uam</span> <span class='ocrx_word' id='word_1_94' title='bbox 241 1436 312 1497; x_wconf 90' lang='lat' dir='ltr'>lioet</span> <span class='ocrx_word' id='word_1_95' title='bbox 333 1436 402 1497; x_wconf 90' lang='lat' dir='ltr'>hino</span> <span class='ocrx_word' id='word_1_96' title='bbox 424 1436 528 1497; x_wconf 88' lang='lat' dir='ltr'>mundi</span> <span class='ocrx_word' id='word_1_97' title='bbox 549 1437 727 1515; x_wconf 81' lang='lat' dir='ltr'>patefactum</span> <span class='ocrx_word' id='word_1_98' title='bbox 750 1440 841 1498; x_wconf 90' lang='lat' dir='ltr'>totius</span> <span class='ocrx_word' id='word_1_99' title='bbox 863 1456 955 1498; x_wconf 91' lang='lat' dir='ltr'>unum</span> <span class='ocrx_word' id='word_1_100' title='bbox 1039 1461 1079 1502; x_wconf 80' lang='lat' dir='ltr'>sou</span> 
     </span>
     <span class='ocr_line' id='line_1_15' title="bbox 78 1524 1013 1607; baseline 0 -21"><span class='ocrx_word' id='word_1_101' title='bbox 78 1535 135 1586; x_wconf 83' lang='lat'>596</span> <span class='ocrx_word' id='word_1_102' title='bbox 150 1525 315 1605; x_wconf 87' lang='lat' dir='ltr'>largifluum</span> <span class='ocrx_word' id='word_1_103' title='bbox 338 1524 449 1585; x_wconf 87' lang='lat' dir='ltr'>fontem</span> <span class='ocrx_word' id='word_1_104' title='bbox 473 1532 587 1586; x_wconf 80' lang='lat' dir='ltr'>scatere</span> <span class='ocrx_word' id='word_1_105' title='bbox 609 1531 698 1604; x_wconf 89' lang='lat' dir='ltr'>atque</span> <span class='ocrx_word' id='word_1_106' title='bbox 721 1544 877 1604; x_wconf 85' lang='lat' dir='ltr'>erumpere</span> <span class='ocrx_word' id='word_1_107' title='bbox 900 1525 1013 1607; x_wconf 86' lang='lat' dir='ltr'>lumen,</span> 
     </span>
     <span class='ocr_line' id='line_1_16' title="bbox 151 1612 886 1692; baseline -0.001 -17"><span class='ocrx_word' id='word_1_108' title='bbox 151 1633 187 1675; x_wconf 91' lang='lat' dir='ltr'>ex</span> <span class='ocrx_word' id='word_1_109' title='bbox 210 1615 291 1674; x_wconf 90' lang='lat' dir='ltr'>omni</span> <span class='ocrx_word' id='word_1_110' title='bbox 313 1613 422 1673; x_wconf 88' lang='lat' dir='ltr'>mundo</span> <span class='ocrx_word' id='word_1_111' title='bbox 446 1615 514 1692; x_wconf 93' lang='lat' dir='ltr'>quia</span> <span class='ocrx_word' id='word_1_112' title='bbox 537 1615 580 1673; x_wconf 88' lang='lat' dir='ltr'>sio</span> <span class='ocrx_word' id='word_1_113' title='bbox 603 1612 748 1673; x_wconf 87' lang='lat' dir='ltr'>elementa</span> <span class='ocrx_word' id='word_1_114' title='bbox 769 1617 886 1692; x_wconf 82' lang='lat' dir='ltr'>vaporis</span> 
     </span>
     <span class='ocr_line' id='line_1_17' title="bbox 150 1703 1079 1781; baseline 0 -17"><span class='ocrx_word' id='word_1_115' title='bbox 150 1703 280 1781; x_wconf 89' lang='lat' dir='ltr'>undique</span> <span class='ocrx_word' id='word_1_116' title='bbox 303 1703 482 1761; x_wconf 86' lang='lat' dir='ltr'>conveniunt</span> <span class='ocrx_word' id='word_1_117' title='bbox 504 1708 534 1761; x_wconf 85' lang='lat' dir='ltr'>et</span> <span class='ocrx_word' id='word_1_118' title='bbox 557 1703 600 1761; x_wconf 86' lang='lat' dir='ltr'>sie</span> <span class='ocrx_word' id='word_1_119' title='bbox 613 1703 773 1762; x_wconf 86' lang='lat' dir='ltr'>oouieotus</span> <span class='ocrx_word' id='word_1_120' title='bbox 796 1721 899 1762; x_wconf 87' lang='lat' dir='ltr'>eorum</span> <span class='ocrx_word' id='word_1_121' title='bbox 1039 1725 1079 1766; x_wconf 87' lang='grc'>000</span> 
     </span>
     <span class='ocr_line' id='line_1_18' title="bbox 151 1789 936 1870; baseline -0.003 -18"><span class='ocrx_word' id='word_1_122' title='bbox 151 1791 285 1870; x_wconf 80' lang='lat' dir='ltr'>confluit,</span> <span class='ocrx_word' id='word_1_123' title='bbox 308 1808 344 1850; x_wconf 89' lang='lat' dir='ltr'>ex</span> <span class='ocrx_word' id='word_1_124' title='bbox 367 1807 426 1850; x_wconf 91' lang='lat' dir='ltr'>uno</span> <span class='ocrx_word' id='word_1_125' title='bbox 450 1791 544 1869; x_wconf 86' lang='lat' dir='ltr'>capite</span> <span class='ocrx_word' id='word_1_126' title='bbox 567 1789 615 1848; x_wconf 89' lang='lat' dir='ltr'>hic</span> <span class='ocrx_word' id='word_1_127' title='bbox 638 1797 671 1849; x_wconf 90' lang='lat' dir='ltr'>ut</span> <span class='ocrx_word' id='word_1_128' title='bbox 692 1789 820 1868; x_wconf 89' lang='lat' dir='ltr'>profluat</span> <span class='ocrx_word' id='word_1_129' title='bbox 842 1790 936 1850; x_wconf 91' lang='lat' dir='ltr'>ardor.</span> 
     </span>
     <span class='ocr_line' id='line_1_19' title="bbox 79 1876 894 1957; baseline -0.009 -13"><span class='ocrx_word' id='word_1_130' title='bbox 79 1898 132 1947; x_wconf 86' lang='grc'>500</span> <span class='ocrx_word' id='word_1_131' title='bbox 150 1898 247 1941; x_wconf 88' lang='lat' dir='ltr'>nonne</span> <span class='ocrx_word' id='word_1_132' title='bbox 271 1877 353 1938; x_wconf 88' lang='lat' dir='ltr'>vides</span> <span class='ocrx_word' id='word_1_133' title='bbox 376 1880 465 1938; x_wconf 87' lang='lat' dir='ltr'>etiam</span> <span class='ocrx_word' id='word_1_134' title='bbox 488 1896 576 1956; x_wconf 91' lang='lat' dir='ltr'>quam</span> <span class='ocrx_word' id='word_1_135' title='bbox 597 1876 655 1938; x_wconf 90' lang='lat' dir='ltr'>late</span> <span class='ocrx_word' id='word_1_136' title='bbox 677 1895 785 1956; x_wconf 85' lang='lat' dir='ltr'>parvus</span> <span class='ocrx_word' id='word_1_137' title='bbox 808 1880 894 1957; x_wconf 90' lang='lat' dir='ltr'>aquai</span> 
     </span>
     <span class='ocr_line' id='line_1_20' title="bbox 78 1963 968 2047; baseline -0.001 -19"><span class='ocrx_word' id='word_1_138' title='bbox 78 1978 132 2028; x_wconf 83' lang='lat'>601</span> <span class='ocrx_word' id='word_1_139' title='bbox 147 1975 230 2047; x_wconf 87' lang='lat' dir='ltr'>prata</span> <span class='ocrx_word' id='word_1_140' title='bbox 252 1968 329 2045; x_wconf 90' lang='lat' dir='ltr'>riget</span> <span class='ocrx_word' id='word_1_141' title='bbox 350 1966 416 2026; x_wconf 82' lang='lat' dir='ltr'>lons</span> <span class='ocrx_word' id='word_1_142' title='bbox 439 1966 588 2027; x_wconf 88' lang='lat' dir='ltr'>interdum</span> <span class='ocrx_word' id='word_1_143' title='bbox 611 1968 780 2045; x_wconf 80' lang='lat' dir='ltr'>campisque</span> <span class='ocrx_word' id='word_1_144' title='bbox 803 1963 968 2027; x_wconf 80' lang='lat' dir='ltr'>redundet?</span> 
     </span>
     <span class='ocr_line' id='line_1_21' title="bbox 151 2053 962 2135; baseline -0.004 -17"><span class='ocrx_word' id='word_1_145' title='bbox 151 2065 196 2118; x_wconf 89' lang='lat' dir='ltr'>est</span> <span class='ocrx_word' id='word_1_146' title='bbox 219 2057 307 2116; x_wconf 87' lang='lat' dir='ltr'>etiam</span> <span class='ocrx_word' id='word_1_147' title='bbox 330 2072 447 2134; x_wconf 89' lang='lat' dir='ltr'>quoque</span> <span class='ocrx_word' id='word_1_148' title='bbox 470 2057 515 2114; x_wconf 90' lang='lat' dir='ltr'>uti</span> <span class='ocrx_word' id='word_1_149' title='bbox 537 2072 597 2114; x_wconf 91' lang='grc'>000</span> <span class='ocrx_word' id='word_1_150' title='bbox 619 2072 724 2132; x_wconf 91' lang='lat' dir='ltr'>magno</span> <span class='ocrx_word' id='word_1_151' title='bbox 748 2053 818 2114; x_wconf 91' lang='lat' dir='ltr'>solis</span> <span class='ocrx_word' id='word_1_152' title='bbox 841 2054 876 2115; x_wconf 88' lang='lat' dir='ltr'>ah</span> <span class='ocrx_word' id='word_1_153' title='bbox 900 2057 962 2135; x_wconf 86' lang='lat' dir='ltr'>igni</span> 
     </span>
     <span class='ocr_line' id='line_1_22' title="bbox 151 2141 1078 2223; baseline 0.002 -18"><span class='ocrx_word' id='word_1_154' title='bbox 151 2150 219 2205; x_wconf 75' lang='lat' dir='ltr'>aera</span> <span class='ocrx_word' id='word_1_155' title='bbox 240 2144 384 2222; x_wconf 86' lang='lat' dir='ltr'>percipiat</span> <span class='ocrx_word' id='word_1_156' title='bbox 406 2142 509 2203; x_wconf 82' lang='lat' dir='ltr'>calidis</span> <span class='ocrx_word' id='word_1_157' title='bbox 531 2141 697 2202; x_wconf 82' lang='lat' dir='ltr'>fervoribus</span> <span class='ocrx_word' id='word_1_158' title='bbox 720 2142 819 2223; x_wconf 88' lang='lat' dir='ltr'>ardor,</span> <span class='ocrx_word' id='word_1_159' title='bbox 1039 2166 1078 2207; x_wconf 80' lang='lat' dir='ltr'>sos</span> 
     </span>
     <span class='ocr_line' id='line_1_23' title="bbox 151 2230 858 2312; baseline -0.004 -19"><span class='ocrx_word' id='word_1_160' title='bbox 151 2239 334 2312; x_wconf 89' lang='lat' dir='ltr'>opportunus</span> <span class='ocrx_word' id='word_1_161' title='bbox 357 2233 426 2291; x_wconf 83' lang='lat' dir='ltr'>itast</span> <span class='ocrx_word' id='word_1_162' title='bbox 448 2233 474 2291; x_wconf 91' lang='lat' dir='ltr'>si</span> <span class='ocrx_word' id='word_1_163' title='bbox 496 2231 572 2291; x_wconf 87' lang='lat' dir='ltr'>forte</span> <span class='ocrx_word' id='word_1_164' title='bbox 595 2238 625 2291; x_wconf 91' lang='lat' dir='ltr'>et</span> <span class='ocrx_word' id='word_1_165' title='bbox 647 2230 772 2291; x_wconf 89' lang='lat' dir='ltr'>idoneus</span> <span class='ocrx_word' id='word_1_166' title='bbox 795 2235 858 2312; x_wconf 73' lang='lat' dir='ltr'>aer,</span> 
     </span>
     <span class='ocr_line' id='line_1_24' title="bbox 80 2318 849 2401; baseline -0.012 -13"><span class='ocrx_word' id='word_1_167' title='bbox 80 2338 132 2388; x_wconf 82' lang='grc'>505</span> <span class='ocrx_word' id='word_1_168' title='bbox 151 2329 185 2382; x_wconf 93' lang='lat' dir='ltr'>ut</span> <span class='ocrx_word' id='word_1_169' title='bbox 207 2326 296 2400; x_wconf 80' lang='lat' dir='ltr'>queat</span> <span class='ocrx_word' id='word_1_170' title='bbox 318 2319 439 2380; x_wconf 79' lang='grc'>0000011</span> <span class='ocrx_word' id='word_1_171' title='bbox 460 2321 559 2398; x_wconf 87' lang='lat' dir='ltr'>parvis</span> <span class='ocrx_word' id='word_1_172' title='bbox 581 2318 736 2379; x_wconf 88' lang='lat' dir='ltr'>ardoribus</span> <span class='ocrx_word' id='word_1_173' title='bbox 758 2322 849 2401; x_wconf 80' lang='lat' dir='ltr'>ictus3</span> 
     </span>
     <span class='ocr_line' id='line_1_25' title="bbox 80 2406 1027 2489; baseline 0 -21"><span class='ocrx_word' id='word_1_174' title='bbox 80 2417 137 2468; x_wconf 89' lang='grc'>606</span> <span class='ocrx_word' id='word_1_175' title='bbox 150 2409 228 2489; x_wconf 93' lang='lat' dir='ltr'>quod</span> <span class='ocrx_word' id='word_1_176' title='bbox 251 2426 344 2486; x_wconf 88' lang='lat' dir='ltr'>genus</span> <span class='ocrx_word' id='word_1_177' title='bbox 366 2407 516 2467; x_wconf 87' lang='lat' dir='ltr'>interdum</span> <span class='ocrx_word' id='word_1_178' title='bbox 539 2414 654 2486; x_wconf 80' lang='lat' dir='ltr'>segetes</span> <span class='ocrx_word' id='word_1_179' title='bbox 677 2406 872 2486; x_wconf 82' lang='lat' dir='ltr'>stipulamque</span> <span class='ocrx_word' id='word_1_180' title='bbox 894 2408 1027 2468; x_wconf 85' lang='lat' dir='ltr'>ridemus</span> 
     </span>
     <span class='ocr_line' id='line_1_26' title="bbox 93 2495 871 2575; baseline -0.008 -13"><span class='ocrx_word' id='word_1_181' title='bbox 93 2555 96 2562; x_wconf 76' lang='grc'>,</span> <span class='ocrx_word' id='word_1_182' title='bbox 151 2497 285 2560; x_wconf 84' lang='lat' dir='ltr'>accidere</span> <span class='ocrx_word' id='word_1_183' title='bbox 308 2514 344 2556; x_wconf 92' lang='lat' dir='ltr'>ex</span> <span class='ocrx_word' id='word_1_184' title='bbox 367 2514 425 2556; x_wconf 88' lang='lat' dir='ltr'>una</span> <span class='ocrx_word' id='word_1_185' title='bbox 448 2495 574 2556; x_wconf 86' lang='lat' dir='ltr'>scintilla</span> <span class='ocrx_word' id='word_1_186' title='bbox 595 2496 731 2557; x_wconf 80' lang='lat' dir='ltr'>incendia</span> <span class='ocrx_word' id='word_1_187' title='bbox 753 2498 871 2575; x_wconf 86' lang='lat' dir='ltr'>passim.</span> 
     </span>
     <span class='ocr_line' id='line_1_27' title="bbox 151 2583 1079 2663; baseline -0.001 -16"><span class='ocrx_word' id='word_1_188' title='bbox 151 2588 274 2647; x_wconf 80' lang='lat' dir='ltr'>forsitan</span> <span class='ocrx_word' id='word_1_189' title='bbox 297 2592 328 2645; x_wconf 89' lang='lat' dir='ltr'>et</span> <span class='ocrx_word' id='word_1_190' title='bbox 349 2602 434 2644; x_wconf 89' lang='lat' dir='ltr'>rosea</span> <span class='ocrx_word' id='word_1_191' title='bbox 458 2583 502 2644; x_wconf 94' lang='lat' dir='ltr'>sol</span> <span class='ocrx_word' id='word_1_192' title='bbox 524 2583 581 2645; x_wconf 91' lang='lat' dir='ltr'>alte</span> <span class='ocrx_word' id='word_1_193' title='bbox 603 2583 736 2663; x_wconf 90' lang='lat' dir='ltr'>lampade</span> <span class='ocrx_word' id='word_1_194' title='bbox 758 2583 861 2644; x_wconf 89' lang='grc'>100005</span> <span class='ocrx_word' id='word_1_195' title='bbox 1039 2606 1079 2647; x_wconf 85' lang='lat' dir='ltr'>s1o</span> 
     </span>
     <span class='ocr_line' id='line_1_28' title="bbox 151 2671 873 2754; baseline -0.004 -20"><span class='ocrx_word' id='word_1_196' title='bbox 151 2673 301 2754; x_wconf 88' lang='lat' dir='ltr'>possideat</span> <span class='ocrx_word' id='word_1_197' title='bbox 322 2672 447 2733; x_wconf 89' lang='lat' dir='ltr'>multum</span> <span class='ocrx_word' id='word_1_198' title='bbox 470 2675 565 2733; x_wconf 87' lang='lat' dir='ltr'>oaeois</span> <span class='ocrx_word' id='word_1_199' title='bbox 587 2671 752 2732; x_wconf 86' lang='lat' dir='ltr'>fervoribus</span> <span class='ocrx_word' id='word_1_200' title='bbox 774 2674 873 2750; x_wconf 87' lang='lat' dir='ltr'>ignem</span> 
     </span>
     <span class='ocr_line' id='line_1_29' title="bbox 79 2759 859 2841; baseline -0.015 -11"><span class='ocrx_word' id='word_1_201' title='bbox 79 2781 133 2829; x_wconf 89' lang='grc'>500</span> <span class='ocrx_word' id='word_1_202' title='bbox 151 2765 262 2823; x_wconf 88' lang='lat' dir='ltr'>oiroum</span> <span class='ocrx_word' id='word_1_203' title='bbox 286 2779 332 2841; x_wconf 89' lang='grc'>50,</span> <span class='ocrx_word' id='word_1_204' title='bbox 354 2760 434 2821; x_wconf 92' lang='grc'>00110</span> <span class='ocrx_word' id='word_1_205' title='bbox 457 2763 509 2840; x_wconf 89' lang='lat' dir='ltr'>qui</span> <span class='ocrx_word' id='word_1_206' title='bbox 531 2762 571 2821; x_wconf 91' lang='lat' dir='ltr'>sit</span> <span class='ocrx_word' id='word_1_207' title='bbox 593 2759 706 2838; x_wconf 83' lang='lat' dir='ltr'>fulgore</span> <span class='ocrx_word' id='word_1_208' title='bbox 729 2768 859 2839; x_wconf 77' lang='lat' dir='ltr'>notatus,</span> 
     </span>
     <span class='ocr_line' id='line_1_30' title="bbox 79 2849 919 2926; baseline -0.004 -16"><span class='ocrx_word' id='word_1_209' title='bbox 79 2858 134 2910; x_wconf 83' lang='lat'>611</span> <span class='ocrx_word' id='word_1_210' title='bbox 151 2851 271 2912; x_wconf 81' lang='lat' dir='ltr'>aestifer</span> <span class='ocrx_word' id='word_1_211' title='bbox 292 2856 326 2909; x_wconf 93' lang='lat' dir='ltr'>ut</span> <span class='ocrx_word' id='word_1_212' title='bbox 347 2855 461 2909; x_wconf 88' lang='lat' dir='ltr'>tantum</span> <span class='ocrx_word' id='word_1_213' title='bbox 483 2849 635 2909; x_wconf 88' lang='lat' dir='ltr'>radiorum</span> <span class='ocrx_word' id='word_1_214' title='bbox 657 2855 799 2926; x_wconf 83' lang='lat' dir='ltr'>exaugeat</span> <span class='ocrx_word' id='word_1_215' title='bbox 820 2850 919 2908; x_wconf 81' lang='lat' dir='ltr'>ictum.</span> 
     </span>
     <span class='ocr_line' id='line_1_31' title="bbox 194 2935 910 3015; baseline -0.007 -16"><span class='ocrx_word' id='word_1_216' title='bbox 194 2937 256 2999; x_wconf 85' lang='lat' dir='ltr'>Neo</span> <span class='ocrx_word' id='word_1_217' title='bbox 278 2939 353 2997; x_wconf 89' lang='lat' dir='ltr'>ratio</span> <span class='ocrx_word' id='word_1_218' title='bbox 378 2935 448 2996; x_wconf 93' lang='lat' dir='ltr'>solis</span> <span class='ocrx_word' id='word_1_219' title='bbox 472 2936 596 3015; x_wconf 86' lang='lat' dir='ltr'>simplex</span> <span class='ocrx_word' id='word_1_220' title='bbox 620 2944 650 2997; x_wconf 88' lang='lat' dir='ltr'>at</span> <span class='ocrx_word' id='word_1_221' title='bbox 671 2943 752 2996; x_wconf 85' lang='lat' dir='ltr'>certa</span> <span class='ocrx_word' id='word_1_222' title='bbox 773 2937 910 3014; x_wconf 79' lang='lat' dir='ltr'>patescit,</span> 
     </span>
     <span class='ocr_line' id='line_1_32' title="bbox 150 3023 1078 3107; baseline -0.001 -20"><span class='ocrx_word' id='word_1_223' title='bbox 150 3046 208 3107; x_wconf 92' lang='lat' dir='ltr'>quo</span> <span class='ocrx_word' id='word_1_224' title='bbox 231 3032 316 3106; x_wconf 86' lang='lat' dir='ltr'>paeto</span> <span class='ocrx_word' id='word_1_225' title='bbox 339 3026 457 3086; x_wconf 84' lang='lat' dir='ltr'>aestivis</span> <span class='ocrx_word' id='word_1_226' title='bbox 480 3042 496 3085; x_wconf 93' lang='lat' dir='ltr'>e</span> <span class='ocrx_word' id='word_1_227' title='bbox 518 3023 652 3103; x_wconf 87' lang='lat' dir='ltr'>partibus</span> <span class='ocrx_word' id='word_1_228' title='bbox 675 3026 856 3103; x_wconf 82' lang='lat' dir='ltr'>aegocerotis</span> <span class='ocrx_word' id='word_1_229' title='bbox 1040 3044 1078 3086; x_wconf 82' lang='lat' dir='ltr'>ora</span> 
     </span>
     <span class='ocr_line' id='line_1_33' title="bbox 150 3112 891 3191; baseline -0.005 -15"><span class='ocrx_word' id='word_1_230' title='bbox 150 3113 292 3176; x_wconf 87' lang='lat' dir='ltr'>brumalis</span> <span class='ocrx_word' id='word_1_231' title='bbox 315 3113 400 3173; x_wconf 86' lang='lat' dir='ltr'>adeat</span> <span class='ocrx_word' id='word_1_232' title='bbox 421 3113 515 3173; x_wconf 90' lang='lat' dir='ltr'>flexus</span> <span class='ocrx_word' id='word_1_233' title='bbox 538 3119 625 3191; x_wconf 88' lang='lat' dir='ltr'>atque</span> <span class='ocrx_word' id='word_1_234' title='bbox 648 3112 717 3172; x_wconf 88' lang='lat' dir='ltr'>iude</span> <span class='ocrx_word' id='word_1_235' title='bbox 740 3121 891 3173; x_wconf 86' lang='lat' dir='ltr'>revertens</span> 
     </span>
     <span class='ocr_line' id='line_1_34' title="bbox 78 3199 845 3281; baseline -0.007 -16"><span class='ocrx_word' id='word_1_236' title='bbox 78 3221 131 3272; x_wconf 74' lang='grc'>005</span> <span class='ocrx_word' id='word_1_237' title='bbox 150 3206 250 3264; x_wconf 82' lang='lat' dir='ltr'>cancri</span> <span class='ocrx_word' id='word_1_238' title='bbox 272 3220 304 3262; x_wconf 93' lang='lat' dir='ltr'>se</span> <span class='ocrx_word' id='word_1_239' title='bbox 327 3208 361 3262; x_wconf 91' lang='lat' dir='ltr'>ut</span> <span class='ocrx_word' id='word_1_240' title='bbox 383 3207 477 3261; x_wconf 87' lang='lat' dir='ltr'>vertat</span> <span class='ocrx_word' id='word_1_241' title='bbox 494 3207 587 3261; x_wconf 89' lang='lat' dir='ltr'>metas</span> <span class='ocrx_word' id='word_1_242' title='bbox 610 3200 646 3261; x_wconf 88' lang='lat' dir='ltr'>ad</span> <span class='ocrx_word' id='word_1_243' title='bbox 669 3199 845 3281; x_wconf 85' lang='lat' dir='ltr'>solstitialis,</span> 
     </span>
     <span class='ocr_line' id='line_1_35' title="bbox 77 3288 925 3370; baseline -0.005 -19"><span class='ocrx_word' id='word_1_244' title='bbox 77 3291 275 3370; x_wconf 84' lang='lat' dir='ltr'>6161unaque</span> <span class='ocrx_word' id='word_1_245' title='bbox 297 3288 449 3350; x_wconf 89' lang='lat' dir='ltr'>mensibus</span> <span class='ocrx_word' id='word_1_246' title='bbox 472 3288 503 3348; x_wconf 87' lang='lat' dir='ltr'>id</span> <span class='ocrx_word' id='word_1_247' title='bbox 525 3291 651 3369; x_wconf 90' lang='lat' dir='ltr'>spatium</span> <span class='ocrx_word' id='word_1_248' title='bbox 673 3288 807 3350; x_wconf 81' lang='lat' dir='ltr'>rideatur</span> <span class='ocrx_word' id='word_1_249' title='bbox 829 3288 925 3368; x_wconf 82' lang='lat' dir='ltr'>obire,</span> 
     </span>
     <span class='ocr_line' id='line_1_36' title="bbox 149 3377 893 3456; baseline -0.008 -14"><span class='ocrx_word' id='word_1_250' title='bbox 149 3399 247 3441; x_wconf 87' lang='lat' dir='ltr'>annua</span> <span class='ocrx_word' id='word_1_251' title='bbox 268 3377 312 3439; x_wconf 88' lang='lat' dir='ltr'>sol</span> <span class='ocrx_word' id='word_1_252' title='bbox 335 3380 367 3438; x_wconf 90' lang='lat' dir='ltr'>in</span> <span class='ocrx_word' id='word_1_253' title='bbox 390 3396 448 3456; x_wconf 92' lang='lat' dir='ltr'>quo</span> <span class='ocrx_word' id='word_1_254' title='bbox 471 3379 618 3437; x_wconf 81' lang='lat' dir='ltr'>consumit</span> <span class='ocrx_word' id='word_1_255' title='bbox 639 3383 772 3456; x_wconf 87' lang='lat' dir='ltr'>tempora</span> <span class='ocrx_word' id='word_1_256' title='bbox 795 3395 893 3437; x_wconf 88' lang='lat' dir='ltr'>cursu.</span> 
     </span>
     <span class='ocr_line' id='line_1_37' title="bbox 149 3464 1080 3550; baseline -0.003 -21"><span class='ocrx_word' id='word_1_257' title='bbox 149 3487 221 3550; x_wconf 88' lang='grc'>000,</span> <span class='ocrx_word' id='word_1_258' title='bbox 244 3470 378 3547; x_wconf 86' lang='lat' dir='ltr'>inquam,</span> <span class='ocrx_word' id='word_1_259' title='bbox 401 3465 525 3544; x_wconf 81' lang='lat' dir='ltr'>simplex</span> <span class='ocrx_word' id='word_1_260' title='bbox 547 3465 594 3526; x_wconf 86' lang='lat' dir='ltr'>his</span> <span class='ocrx_word' id='word_1_261' title='bbox 617 3464 706 3526; x_wconf 90' lang='lat' dir='ltr'>rebus</span> <span class='ocrx_word' id='word_1_262' title='bbox 729 3465 844 3526; x_wconf 86' lang='lat' dir='ltr'>reddita</span> <span class='ocrx_word' id='word_1_263' title='bbox 867 3471 989 3525; x_wconf 86' lang='lat' dir='ltr'>causast.</span> <span class='ocrx_word' id='word_1_264' title='bbox 1038 3485 1080 3526; x_wconf 79' lang='lat' dir='ltr'>sao</span> 
     </span>
    </p>
   </div>
   <div class='ocr_carea' id='block_1_3' title="bbox 460 3549 865 3707">
    <p class='ocr_par' dir='ltr' id='par_1_3' title="bbox 460 3549 865 3707">
     <span class='ocr_line' id='line_1_38' title="bbox 460 3549 698 3632; baseline -0.013 -16"><span class='ocrx_word' id='word_1_265' title='bbox 460 3550 552 3632; x_wconf 81' lang='lat'>[596]</span> <span class='ocrx_word' id='word_1_266' title='bbox 568 3580 609 3603; x_wconf 80' lang='lat'>=</span> <span class='ocrx_word' id='word_1_267' title='bbox 625 3549 698 3615; x_wconf 84' lang='lat'><strong>583.</strong></span> 
     </span>
     <span class='ocr_line' id='line_1_39' title="bbox 813 3653 865 3707; baseline 0.019 -1"><span class='ocrx_word' id='word_1_268' title='bbox 813 3653 865 3707; x_wconf 86' lang='lat'>10*</span> 
     </span>
    </p>
   </div>
   <div class='ocr_carea' id='block_1_4' title="bbox 0 0 1224 3998">
    <p class='ocr_par' dir='ltr' id='par_1_4' title="bbox 0 0 1224 3998">
     <span class='ocr_line' id='line_1_40' title="bbox 0 0 1224 3998; baseline 0 0"><span class='ocrx_word' id='word_1_269' title='bbox 0 0 1224 3998; x_wconf 95' lang='lat' dir='ltr'> </span> 
     </span>
    </p>
   </div>
  </div>
 </body>
</html>
