2438 3998
622 288 635 341 1

126 435 177 485 940
197 431 327 490 carmine
350 427 449 489 Pierio
471 431 617 490 rationem
640 447 788 508 exponere
812 437 944 491 nostram

197 524 226 578 et
249 518 334 596 quasi
357 535 477 577 musaeo
502 516 581 577 dulci
603 520 776 597 contingere
798 518 898 600 melle;

197 608 224 665 si
246 604 303 665 tibi
324 605 400 665 forte
424 606 555 665 animum
577 604 630 665 tali
652 608 766 666 ratione
789 613 892 667 tenere

197 692 333 752 versibus
356 694 388 752 in
410 695 521 752 nostris
543 710 676 773 possem,
700 693 771 754 dum
792 695 939 774 perspicis
963 711 1081 754 omnem

125 787 180 838 950
197 788 332 842 naturam
355 797 469 861 rerum,
493 799 551 859 qua
573 787 689 841 constet
712 787 827 860 compta
851 781 952 860 ligura.
1097 794 1138 836 avo

127 877 160 925 94
242 868 300 928 Sed
325 870 464 947 quoniam
486 868 575 928 docui
597 867 776 929 solidissima
798 871 933 929 materiai

197 974 322 1035 corpora
343 963 488 1035 perpetuo
511 955 633 1016 volitare
656 958 764 1017 invicta
787 975 842 1036 per
862 974 977 1037 aevom,

196 1063 276 1105 nunc
300 1062 366 1124 age,
389 1046 516 1104 summai
539 1043 682 1122 quaedam
706 1045 835 1105 siclinis
859 1062 975 1125 eorum,

196 1151 290 1193 necne
314 1134 366 1213 sit,
390 1130 570 1192 evolvamus:
592 1134 664 1191 item
688 1132 765 1211 quod
789 1135 876 1193 inane
899 1137 1081 1212 repertumst

125 1227 181 1279 955
198 1239 252 1280 seu
269 1219 352 1280 locus
372 1238 406 1280 ac
425 1221 561 1300 spatium,
584 1237 633 1280 res
652 1222 684 1280 in
703 1239 761 1300 quo
781 1239 914 1301 quaeque
933 1226 1082 1300 gerantur,
1096 1231 1136 1274 ⁹⁵⁵

127 1315 178 1365 950
196 1307 403 1387 pervideamus
426 1315 526 1367 utrum
550 1308 665 1368 finitum
688 1308 822 1369 funditus
845 1327 931 1370 omne

197 1402 326 1476 cnstet,
348 1414 386 1456 an
408 1397 587 1456 immensum
608 1402 707 1474 pateat
729 1404 869 1476 vasteque
891 1396 1081 1476 protundum.

242 1482 336 1544 Omne
359 1483 439 1563 quod
462 1490 508 1544 est
530 1484 621 1561 igitur
643 1483 723 1545 nulla
745 1487 866 1563 regione
889 1487 1002 1545 viarum

198 1573 356 1632 finitumst:
379 1588 507 1650 namque
530 1577 696 1632 extremum
719 1570 845 1632 debebat
866 1571 989 1632 habere:

127 1667 182 1718 960
197 1666 362 1721 extremum
384 1677 473 1738 porro
496 1658 607 1720 nullius
629 1677 717 1738 posse
739 1659 857 1720 videtur
1097 1671 1137 1712 ⁹⁶⁰

127 1756 178 1805 965
198 1765 278 1828 esse,
301 1748 361 1807 nisi
382 1746 460 1807 ultra
483 1749 523 1807 sit
546 1745 622 1825 quod
647 1747 742 1828 finiat;
766 1754 799 1807 ut
820 1747 954 1808 videatur

198 1853 256 1913 quo
279 1853 339 1895 non
362 1834 479 1913 longius
502 1834 575 1895 haec
598 1828 704 1894 sensus
727 1841 831 1895 natura
854 1841 1004 1913 sequatur.

198 1941 277 1983 nunc
300 1928 383 1983 extra
402 1940 546 1982 summam
569 1923 708 2001 quoniam
730 1920 773 1982 nil
796 1941 862 1983 esse
885 1921 1049 2004 latendum,

198 2028 258 2070 non
280 2009 370 2071 hahet
392 2017 570 2091 extremum,
594 2016 676 2070 caret
698 2028 768 2089 ergo
792 2011 851 2071 line
873 2010 1028 2089 modoque.

126 2103 182 2156 965
198 2117 253 2159 nec
276 2099 369 2158 refert
391 2097 499 2177 quibus
522 2097 648 2158 adsistas
670 2097 841 2176 regionibus
864 2100 942 2158 eius:
1097 2109 1137 2151 ⁹6⁵

127 2194 179 2243 960
198 2203 293 2265 usque
321 2184 408 2266 adeo,
435 2202 524 2263 quem
543 2186 669 2264 quisque
691 2184 790 2245 locum
811 2186 957 2267 possedit,
985 2188 1016 2245 in
1040 2187 1137 2245 omnis

197 2273 372 2334 tantundem
393 2274 487 2352 partis
509 2273 656 2334 infinitum
681 2291 767 2332 omne
790 2272 940 2353 relinquit.

107 2369 186 2421 1008
200 2365 263 2441 ipsa
285 2362 407 2423 modum
429 2380 518 2441 porro
542 2362 600 2423 sibi
622 2379 723 2422 rerum
747 2379 861 2422 summa
882 2377 986 2439 parare
1081 2371 1135 2413 10⁰⁸

200 2468 237 2510 ne
260 2452 367 2530 possit,
390 2456 495 2510 natura
516 2455 610 2530 tenet,
634 2467 708 2528 quae
732 2466 840 2527 corpus
862 2450 944 2509 inani

201 2545 230 2597 et
254 2537 332 2616 quod
356 2540 443 2597 inane
466 2544 564 2597 autem
587 2542 633 2597 est
655 2537 735 2596 finiri
758 2553 881 2616 corpore
905 2537 995 2615 cogit,

131 2633 182 2681 965
200 2632 243 2708 nt
257 2627 300 2686 sic
323 2624 446 2685 alternis
468 2625 583 2685 infinita
605 2627 704 2684 omnia
725 2623 837 2684 reddat.

201 2720 251 2774 aut
274 2715 363 2773 etiam
386 2712 572 2792 alterutrum,
594 2715 654 2773 nisi
676 2713 816 2772 terminet
839 2710 963 2771 alterum
986 2726 1102 2789 eorum,

202 2800 336 2881 simplice
359 2806 464 2861 natura
486 2806 584 2878 pateat
605 2807 704 2861 tamen
726 2799 960 2860 immoderatum.
1081 2810 1134 2850 1⁰1³

132 2895 188 2946 998
246 2894 398 2966 postremo
422 2895 488 2948 ante
512 2887 611 2949 oculos
634 2905 683 2948 res
705 2882 769 2948 rem
792 2887 878 2947 finire
901 2886 1029 2947 videtur:
1094 2898 1135 2939 ⁹⁹⁸

157 2982 159 2985 '
202 2980 253 3035 aer
275 2975 418 3054 dissaepit
440 2974 524 3036 collis
546 2983 633 3054 atque
656 2980 724 3035 aera
745 2981 873 3055 montes,

132 3071 184 3120 970
203 3071 282 3133 terra
303 3080 386 3123 mare
410 3069 440 3123 et
462 3070 565 3123 contra
587 3080 669 3123 mare
690 3070 786 3124 terras
809 3063 950 3124 terminat
972 3063 1081 3123 omnis:

204 3168 290 3211 omne
314 3150 435 3229 quidem
457 3168 526 3211 vero
549 3149 591 3210 nil
615 3149 761 3228 estquod
784 3151 866 3210 finiat
889 3157 979 3211 extra.
1082 3163 1135 3203 10⁰1

199 3239 356 3300 Praeterea
379 3241 405 3300 si
427 3241 486 3298 iam
508 3239 624 3299 linitum
648 3240 844 3299 constituatur
1095 3250 1136 3291 aaa

204 3344 290 3387 omne
315 3327 393 3406 quod
417 3332 463 3386 cst
485 3327 625 3406 spatium,
648 3326 742 3404 siquis
764 3330 920 3404 procurrat
942 3325 979 3385 ad
1002 3342 1069 3385 oras

132 3419 188 3472 970
203 3414 324 3475 ultimus
348 3421 494 3475 extremas
516 3415 660 3493 iaciatque
683 3412 800 3473 volatile
822 3413 927 3494 telum,
1096 3426 1136 3468 tvo

132 3510 184 3560 975
202 3502 233 3562 id
255 3502 360 3563 validis
382 3509 482 3563 utrum
505 3508 673 3563 contortum
695 3500 808 3560 viribus
831 3503 874 3560 ire

203 3609 261 3669 quo
285 3590 375 3651 suerit
397 3592 521 3651 missum
544 3590 636 3650 mavis
658 3589 803 3667 longeque
825 3587 936 3671 volare,
