2438 3998
148 231 191 295 56
638 228 665 282 Π

219 374 386 437 inmortalia
409 377 437 436 si
458 374 594 436 volumus
617 375 796 454 subiungere
819 375 909 437 rebus

149 481 201 530 880
219 464 421 544 fundamenta,
444 462 553 542 quibus
574 465 687 524 nitatur
710 481 824 525 summa
847 463 968 545 salutis3·

219 571 257 613 ne
279 550 336 612 tibi
357 569 406 612 res
429 551 553 612 redeant
575 552 612 613 ad
633 551 728 612 nilum
750 552 884 613 funditus
907 569 1018 612 omnes.

149 656 206 707 865
264 639 349 700 Nunc
372 657 406 700 ea
429 656 504 718 quae
524 642 636 700 sentire
654 639 789 700 ridemus
807 657 933 719 cumque
951 646 1106 701 necessest
1119 653 1161 694 888

220 745 257 788 ex
279 726 471 788 insensilibus
494 734 593 788 tamen
617 729 715 789 omnia
737 728 895 788 confiteare

220 817 376 894 principiis
399 823 543 877 constare.
582 833 678 895 neque
700 816 732 877 id
754 816 919 877 manufesta
940 817 1071 877 refutant

150 918 202 968 888
221 921 277 964 nec
300 911 401 964 contra
423 910 556 982 pugnant
577 906 609 964 in
630 910 770 982 promptu
793 906 910 982 cognita
932 921 1007 983 quac
1031 911 1113 985 suut,

222 990 274 1052 sed
297 993 391 1070 magis
415 994 480 1071 ipsa
502 1010 592 1053 manu
616 991 728 1053 ducunt
750 998 781 1052 ct
802 990 924 1052 credere
948 1000 1056 1072 cogunt

150 1096 206 1146 870
221 1097 256 1139 cx
279 1078 485 1160 insensilibus,
509 1080 587 1158 quod
610 1079 690 1160 dico,
712 1078 850 1140 animalia
872 1081 961 1158 gigni.
1118 1095 1160 1135 aro

221 1169 331 1247 quippe
353 1166 454 1228 videre
476 1167 547 1228 licet
568 1169 650 1228 vivos
673 1169 801 1229 existere
823 1185 940 1228 vermes

222 1262 353 1315 stercore
376 1255 413 1315 de
435 1262 543 1338 taetro,
565 1261 702 1334 putorem
725 1274 791 1316 cum
815 1254 875 1316 sibi
896 1263 1011 1317 nactast

151 1359 203 1410 sto
221 1345 437 1421 intempestivis
460 1361 497 1403 ex
519 1343 664 1403 imbribus
686 1343 787 1403 umida
808 1341 909 1424 tellus3

221 1437 375 1510 praeterea
398 1437 519 1491 cunctas
541 1430 644 1491 itidem
667 1449 716 1491 res
738 1437 854 1492 vertere
877 1449 952 1492 8888.

150 1535 206 1587 876
219 1526 339 1579 vertunt
361 1536 393 1579 se
416 1518 498 1579 fluvii
520 1519 641 1579 frondes
666 1527 696 1579 ct
717 1518 824 1598 pabula
846 1519 922 1580 laeta
1117 1532 1158 1572 ⁸⁷⁵

221 1609 254 1667 in
275 1605 419 1688 pecudes,
441 1613 559 1667 vertunt
581 1607 710 1686 pecudes
732 1609 765 1667 iu
787 1624 910 1686 corpora
932 1613 1035 1667 nostra

221 1702 370 1776 naturam,
393 1703 423 1755 et
444 1701 546 1756 nostro
570 1695 606 1755 de
629 1713 753 1775 corpore
777 1713 865 1774 saepe
887 1695 1016 1756 ferarum

151 1799 204 1849 888
222 1789 387 1862 augescunt
408 1785 487 1844 vires
510 1790 540 1843 et
562 1801 685 1863 corpora
707 1785 961 1862 pennipotentum.

222 1889 293 1949 ergo
317 1889 420 1931 omncs
443 1878 548 1932 natura
571 1871 653 1932 cibos
676 1874 708 1932 in
731 1889 855 1950 corpora
877 1873 941 1932 riva

151 1973 209 2026 880
222 1960 310 2019 vertit
333 1966 363 2019 ct
384 1958 454 2019 binc
477 1977 583 2020 sensus
607 1961 788 2020 animantum
810 1966 947 2038 procreat
969 1977 1085 2040 omues,
1117 1974 1158 2013 88)

222 2064 282 2106 non
305 2045 361 2106 alia
384 2045 470 2125 longe
492 2049 607 2107 ratione
630 2054 718 2126 atque
740 2046 822 2108 arida
844 2046 923 2125 ligna

223 2132 349 2213 explicat
370 2135 402 2193 iu
424 2135 557 2194 flammas
579 2137 663 2195 etin
686 2137 764 2213 ignis
787 2137 884 2196 omnia
907 2142 1011 2195 versat.

151 2238 204 2289 880
223 2225 320 2282 iamne
343 2221 426 2281 rides
448 2223 540 2299 igitur
562 2225 661 2301 magni
682 2222 844 2301 primordia
865 2240 966 2283 rerum

222 2310 336 2370 referre
358 2311 390 2369 in
414 2309 493 2388 quali
516 2311 576 2370 sint
598 2311 702 2371 ordine
725 2328 860 2390 quaeque
882 2310 976 2371 locata

151 2414 209 2466 885
222 2405 252 2459 et
275 2399 432 2458 commixta
454 2397 562 2475 quibus
584 2398 655 2459 dent
676 2406 775 2458 motus
797 2394 1022 2477 accipiantque?
1117 2411 1158 2453 888

267 2484 342 2546 Tum
353 2503 451 2566 porro,
468 2485 538 2567 quid
550 2486 580 2546 id
593 2494 647 2567 cst,
665 2488 796 2547 animum
808 2487 886 2565 quod
897 2489 1035 2567 pereutit,
1050 2488 1157 2568 ipsum,

225 2572 303 2652 quod
325 2580 424 2634 moret
446 2582 475 2635 et
497 2576 594 2634 varios
617 2592 723 2635 sensus
746 2592 920 2653 expromere
944 2576 1035 2654 cogit,

152 2677 204 2727 885
223 2680 260 2722 cx
282 2662 475 2723 insensilibus
498 2680 535 2723 nc
559 2662 663 2723 credas
686 2662 793 2723 sensile
816 2658 920 2741 gigni?

224 2751 378 2831 nimirum,
400 2750 513 2829 lapides
537 2756 567 2810 et
588 2749 666 2828 ligna
690 2757 720 2811 ct
741 2757 822 2811 terra
844 2750 922 2828 quod
944 2767 1003 2810 una

151 2840 313 2904 soomixta
334 2845 435 2898 tamen
457 2845 609 2917 nequeunt
632 2837 748 2899 vitalem
770 2837 895 2899 reddere
918 2855 1048 2898 sensum.
1117 2852 1159 2892 seo

223 2925 295 2986 illud
318 2928 350 2986 in
372 2926 419 2986 bis
441 2928 533 3005 igitur
555 2926 645 2987 rebus
667 2928 839 2987 meminisse
863 2925 991 3006 decebit,

221 3032 282 3074 non
305 3031 343 3074 ex
365 3012 502 3074 omnibus
525 3016 659 3095 omniuo,
681 3032 883 3093 quaecumque
906 3019 1007 3075 creant
1028 3031 1078 3073 res

152 3118 204 3167 890
224 3100 358 3181 sensilia,
381 3101 527 3180 extemplo
550 3119 598 3162 me
621 3104 702 3180 gigni
726 3101 824 3163 dicere
848 3120 967 3183 sensus,

223 3189 275 3249 sed
297 3191 397 3267 magni
418 3190 532 3249 referre
555 3191 741 3268 caprimum
763 3189 902 3269 quantula
925 3196 1073 3269 constent,

151 3293 207 3344 895
226 3275 335 3337 sensile
359 3295 433 3355 quae
456 3277 581 3357 iaciunt,
605 3284 634 3337 ct
657 3296 715 3356 qua
737 3279 797 3338 sint
819 3278 952 3358 praedita
974 3278 1081 3357 forma,
1118 3290 1159 3330 ⁸9⁵

222 3362 353 3425 motibus
376 3364 531 3425 ordinibus
554 3366 697 3443 posituris
721 3365 847 3444 denique
872 3368 938 3445 quis
962 3368 1030 3426 sint.

224 3470 348 3532 quarum
371 3452 414 3512 nil
436 3470 538 3514 rerum
560 3455 592 3513 iu
614 3453 704 3532 lignis
727 3452 897 3533 glaebisque
919 3454 1068 3514 videmus:

152 3557 203 3607 888
223 3549 254 3603 88
274 3548 374 3602 tamen
396 3542 478 3623 baec,
501 3559 568 3603 cum
591 3548 660 3602 suut
683 3543 767 3620 quasi
785 3543 948 3621 putrefacta
966 3559 1021 3620 per
1038 3541 1160 3622 imbres,
