2438 3998
429 842 471 928 't
495 840 721 926 nucitum
754 839 879 924 0de

289 993 381 1091 DE
426 992 681 1090 RERUM
725 986 1022 1089 NATURA

470 1163 604 1228 nunna
629 1161 840 1241 comune.

200 1444 294 1535 {lavia
316 1448 468 1510 Pieridum
489 1466 614 1528 peragro
637 1449 702 1509 loca
724 1448 833 1509 nullius
857 1455 925 1509 ante

202 1541 272 1600 trita
296 1536 367 1598 solo.
404 1539 485 1598 iuvat
506 1539 638 1615 integros
661 1537 802 1597 accedere
825 1537 915 1597 fontis

92 1673 96 1682 .
203 1633 290 1704 atque
313 1625 446 1706 haurire,
469 1627 608 1703 iuvatque
629 1643 721 1685 novos
744 1624 905 1703 decerpere
927 1623 1016 1685 llores

202 1716 408 1793 insignemque
431 1730 498 1773 meo
522 1715 611 1793 capiti
632 1720 734 1792 petere
757 1712 826 1772 inde
849 1730 1001 1794 coronam,

169 1802 283 1865 tunde
305 1804 389 1881 prius
412 1801 486 1861 nulli
508 1801 633 1862 velarint
654 1808 787 1880 tempora
809 1818 924 1881 musae3

203 1889 434 1970 primumquod
457 1892 571 1968 magnis
593 1889 685 1950 docco
708 1889 745 1949 de
768 1887 858 1949 rebus
881 1895 911 1948 et
933 1891 1005 1949 artis

203 1977 381 2055 religionum
404 1979 535 2038 animum
557 1977 642 2037 nodis
666 1976 816 2037 exsolvere
839 1994 943 2057 pergo,

205 2065 311 2126 deinde
335 2064 413 2144 quod
436 2064 562 2125 obscura
584 2065 620 2125 de
644 2083 677 2124 re
703 2071 762 2125 tam
785 2063 882 2124 lucida
904 2081 999 2144 pango

205 2155 348 2234 carmina,
370 2171 491 2213 musaeo
514 2155 688 2230 contingens
711 2159 818 2212 cuncta
839 2151 948 2230 lepore.

155 2255 188 2305 ιο
206 2242 237 2302 id
260 2259 378 2321 quoque
401 2243 481 2300 enim
503 2258 562 2300 non
586 2239 622 2299 ab
645 2239 725 2300 nulla
747 2242 861 2300 ratione
883 2240 1012 2300 videtur:

206 2348 274 2390 nam
297 2328 388 2390 veluti
410 2329 512 2406 pueris
536 2327 683 2387 absinthia
705 2334 799 2387 taetra
822 2327 973 2388 medentes

206 2436 275 2479 cum
297 2418 368 2477 dare
391 2422 547 2496 conantur,
570 2417 654 2494 prius
677 2433 757 2495 oras,
779 2415 883 2494 pocula
906 2418 1030 2495 circum,

207 2507 382 2584 contingunt
403 2502 499 2564 mellis
522 2503 602 2563 dulci
624 2503 756 2582 llavoque
779 2502 907 2584 liquore,

206 2601 240 2654 ut
261 2609 423 2672 puerorum
445 2598 525 2651 aetas
547 2590 701 2669 inprovida
723 2591 890 2652 ludificetur

155 2696 189 2745 15
207 2681 357 2742 labrorum
378 2687 479 2761 tenus,
501 2681 615 2739 interea
637 2686 773 2758 perpotet
795 2697 926 2739 amarum

208 2768 337 2830 absinthi
359 2767 488 2847 laticem,
511 2766 691 2846 deceptaque
714 2785 775 2827 non
797 2769 940 2846 capiatur,

208 2856 261 2918 sed
283 2858 382 2935 potius
404 2855 456 2915 tali
477 2861 563 2934 pacto
586 2863 719 2916 recreata
741 2854 879 2934 valescat,

209 2947 254 3006 sic
276 2962 330 3022 ego
353 2961 445 3024 nunc,
468 2946 606 3021 quoniam
629 2943 702 3004 haec
724 2945 799 3004 ratio
821 2941 995 3022 plerumque
1018 2942 1135 3003 videtur

207 3033 323 3093 tristior
346 3048 411 3091 esse
435 3031 625 3110 quibusnon
649 3039 695 3092 est
715 3037 851 3111 tractata,
874 3037 1012 3108 retroque

141 3135 190 3186 co
209 3120 310 3200 volgus
334 3118 473 3180 abhorret
495 3119 531 3180 alr
553 3120 622 3202 hac,
644 3119 724 3180 volui
745 3118 801 3180 tihi
822 3117 1037 3197 suaviloquenti

209 3210 338 3270 carmine
360 3207 459 3268 Pierio
482 3211 626 3268 rationem
649 3224 796 3287 exponere
819 3213 950 3266 nostram

209 3304 240 3357 et
262 3299 347 3376 quasi
369 3314 488 3357 musaeo
512 3295 592 3357 dulci
615 3298 785 3373 contingere
807 3292 908 3375 melle;

98 3397 102 3402 ’
209 3386 236 3446 si
258 3384 314 3445 tibi
337 3385 412 3444 torte
435 3386 566 3444 animum
588 3383 640 3444 tali
662 3385 775 3443 ratione
798 3388 901 3442 tenere

208 3472 344 3534 versibus
367 3474 399 3532 in
421 3474 532 3533 nostris
555 3489 686 3552 possem,
710 3469 780 3531 dum
802 3471 933 3549 percipis
957 3489 1074 3531 omnem
