2438 3998
553 250 581 306 V
1005 250 1067 316 161

154 397 297 479 undique,
320 407 350 459 31
372 397 527 459 adversum
549 399 735 460 venientibus
758 418 809 461 ora
832 386 983 481 petebant,

154 494 184 547 et
206 489 409 566 necopinantis
432 505 448 547 a
471 495 555 565 tergo
577 487 774 570 deripiebant,
1016 510 1068 550 cero

155 568 353 654 deplexaeque
377 573 484 635 dabant
505 577 537 635 in
559 582 669 636 terram
691 576 809 636 volnere
832 579 939 656 victos,

65 668 139 721 1330
155 663 303 724 morsibus
326 662 438 723 adfixae
462 663 564 724 validis
587 671 673 743 atque
696 664 845 743 unguibus
867 666 961 725 uncis.

67 767 137 818 1310
154 749 358 830 iactabantque
383 769 452 811 snos
474 754 552 812 tauri
574 751 758 831 pedibusque
781 751 928 834 terebant,
983 832 987 839 ἢ

154 846 185 900 31
207 838 298 900 131313
321 857 355 899 33
377 847 495 900 ventres
517 839 675 901 hauribant
697 847 800 919 supter
822 859 966 919 equorum

154 927 307 1008 cornibus,
331 935 360 987 31
382 934 491 988 terram
513 929 661 989 minitanti
683 929 779 990 fronte
802 928 934 989 ruebant.
1015 951 1068 993 rese

154 1023 184 1077 31
206 1015 310 1076 validis
333 1017 430 1076 socios
452 1015 612 1076 caedebant
635 1016 772 1077 dentibus
795 1019 872 1097 apri,

67 1103 356 1165 1335131313113313
380 1122 432 1164 sno
455 1105 624 1181 tinguentes
646 1106 788 1183 sanguine
812 1107 910 1185 saevi,·

67 1207 135 1258 1311
153 1186 207 1276 llin
231 1210 263 1252 se
285 1192 377 1251 fracta
401 1209 455 1252 suo
477 1193 645 1270 tinguentes
668 1195 810 1271 sanguine
832 1188 932 1274 tela,ll

152 1282 371 1360 permixtasque
394 1278 501 1340 dabant
523 1282 655 1358 equitum
677 1281 867 1360 peditumque
889 1282 1004 1342 ruinas:

152 1387 220 1429 nam
242 1376 410 1429 transversa
432 1368 510 1428 feros
534 1368 653 1429 exibant
675 1367 772 1430 dentis
794 1368 914 1430 adactus
1014 1392 1067 1433 333

152 1458 282 1518 iumenta
304 1464 354 1516 aut
376 1454 501 1535 pedibus
524 1464 626 1518 ventos
650 1464 748 1518 313313
769 1456 920 1536 petebant:

63 1550 137 1607 1330
152 1547 343 1624 nequiquam,
366 1546 504 1622 quoniam
527 1543 563 1604 ab
586 1546 685 1605 nervis
709 1547 822 1606 succisa
845 1544 961 1606 videres
1012 1559 1015 1567 ·

64 1649 133 1698 1333
152 1634 307 1694 concidere
331 1639 418 1711 atque
441 1634 522 1710 gravi
543 1639 653 1693 terram
676 1640 866 1695 consternere
889 1651 967 1694 casu.

152 1724 178 1782 si
202 1740 276 1801 quos
299 1728 365 1781 ante
388 1720 468 1780 domi
491 1721 618 1781 domitos
640 1723 711 1782 satis
734 1739 800 1782 esse
823 1720 976 1802 putabant,

152 1810 343 1870 ellervescere
366 1807 526 1869 cernebant
548 1811 579 1869 in
602 1808 692 1870 rebus
714 1810 838 1887 agundis
1012 1832 1065 1874 1333

150 1897 319 1958 volneribus
342 1896 469 1958 elamore
492 1897 559 1975 luga
581 1903 696 1957 terrore
719 1897 859 1978 tumultu,

61 1992 135 2044 1335
150 2004 205 2046 nec
227 1992 364 2065 poterant
384 1984 474 2045 ullam
496 1991 609 2064 partem
633 1984 794 2045 redducere
817 2004 932 2047 eorum:

61 2089 131 2140 1313
151 2072 321 2152 diffugiebat
343 2075 422 2133 enim
445 2075 557 2134 varium
581 2091 674 2151 genus
697 2091 782 2133 omne
804 2073 945 2154 ferarum,

149 2170 182 2223 ut
204 2181 283 2223 nunc
306 2179 393 2240 saepe
415 2159 505 2221 boves
528 2161 610 2222 lucae
634 2162 712 2221 13113
735 2161 811 2222 male
833 2170 945 2223 mactae

151 2251 320 2331 diffugiunt,
343 2250 405 2310 1313
428 2249 486 2309 1313
509 2251 571 2309 suis
594 2267 661 2309 cum
683 2248 773 2310 multa
796 2249 912 2310 dedere.
1012 2274 1064 2313 333

150 2340 176 2398 si
198 2339 255 2399 fuit
276 2345 310 2398 nt
331 2338 470 2398 lacerent.
507 2337 559 2397 sed
581 2339 630 2397 vix
653 2336 783 2398 adducor
804 2345 849 2419 ut,
872 2345 940 2399 ante
1011 2359 1063 2398 uu

59 2431 133 2485 1340
150 2445 237 2505 quam
256 2443 410 2486 commune
428 2425 538 2485 malum
555 2425 640 2486 tieret
657 2425 843 2507 foedumque,
866 2427 1064 2491 futurumne

17 2534 21 2539 ·
61 2529 131 2579 1333
148 2533 209 2575 non
232 2516 363 2594 quierint
385 2515 482 2573 animo
504 2515 687 2593 praesentire
710 2522 797 2593 atque
819 2514 927 2575 videre.
1011 2539 1063 2579 333

148 2597 157 2683 ll
171 2610 202 2664 et
222 2605 316 2681 magis
339 2602 369 2662 id
392 2604 489 2681 possis
510 2602 620 2663 factum
643 2601 820 2662 contendere
843 2605 874 2662 in
897 2605 989 2684 omni,
1011 2626 1064 2666 1334

148 2693 180 2751 13
202 2693 291 2752 variis
314 2689 433 2751 mundis
455 2691 535 2750 varia
557 2692 670 2750 ratione
693 2692 814 2770 creatis,
1011 2714 1065 2756 33

149 2797 236 2858 quam
259 2786 340 2839 certo
363 2785 451 2858 atque
473 2795 532 2838 uno
554 2784 701 2838 terrarum
724 2777 855 2856 quolibet
877 2775 978 2859 orbiss
1003 2800 1006 2805 ·

59 2873 132 2924 1345
149 2868 201 2927 331
224 2867 320 2927 133313
343 2866 374 2926 id
397 2883 457 2926 non
478 2873 539 2926 tam
561 2865 699 2926 vincendi
722 2883 774 2944 spe
796 2864 964 2946 voluerunt,

60 2970 129 3021 1335
149 2973 236 3034 quam
259 2955 329 3015 dare
352 2954 430 3034 quod
453 2960 605 3033 gemerent
626 2953 741 3034 hostes,
764 2955 880 3032 ipsique
903 2957 1015 3034 perire,

148 3045 199 3121 qui
222 3061 345 3103 numero
367 3041 540 3103 diffidebant
562 3043 710 3120 armisque
734 3040 881 3103 vacabant.

191 3130 303 3192 Nexilis
326 3139 392 3192 ente
416 3131 472 3191 luit
493 3131 584 3190 vestis
607 3147 695 3208 quam
718 3129 819 3190 textile
842 3137 967 3208 tegmen.
1010 3154 1064 3195 reso

145 3219 247 3281 textile
269 3227 337 3299 post
358 3219 511 3299 ferrumst,
534 3219 603 3297 quie
625 3218 705 3278 13113
728 3217 786 3279 1313
808 3226 943 3300 paratur,

56 3315 131 3366 1350
145 3327 201 3369 neo
223 3310 337 3368 ratione
360 3307 416 3367 alia
438 3313 562 3387 possunt
584 3314 643 3367 tam
666 3305 740 3367 levia
763 3308 844 3385 gigni

59 3411 127 3462 1³40
145 3396 243 3479 insilia
267 3414 300 3456 ac
324 3395 395 3476 lusi,
418 3396 506 3474 radii,
528 3397 667 3474 scapique
691 3401 837 3455 sonantes.

145 3492 175 3546 31
197 3485 292 3545 lacere
317 3491 384 3544 ante
406 3485 485 3544 viros
508 3483 604 3543 lanam
627 3490 730 3544 natura
752 3485 849 3562 coegit

146 3591 232 3651 quam
255 3570 399 3633 muliebre
418 3567 522 3650 genus:
546 3589 613 3631 nam
632 3570 719 3652 longe
736 3572 926 3651 praestatis
938 3577 1081 3627 3113333
