2438 3998
578 247 619 301 ῙΠ
1062 249 1104 313 81

167 411 242 473 quos
265 400 332 455 ante
355 395 387 453 in
410 396 509 454 nervis
533 401 563 454 et
586 396 617 454 in
640 396 706 472 ipso
729 413 853 474 corpore
877 394 988 474 agebat
1065 416 1105 459 aaa

167 500 258 561 quare
281 484 370 542 eliam
393 489 480 560 atque
504 483 593 542 etiam
616 481 746 542 resoluto
770 486 904 562 corporis
927 485 1008 543 omni

95 588 147 638 oto
166 572 296 649 tegmine
319 575 350 630 et
372 571 475 629 eiectis
499 576 582 630 extra
599 569 743 639 ¹vitalibus
766 574 846 631 auris

111 666 114 670 ’
166 656 291 719 dissolui
314 675 420 717 sensus
442 658 534 716 animi
556 658 666 718 fateare
689 665 841 720 necessest

167 752 255 825 atque
278 746 418 825 animam,
441 747 580 823 quoniam
603 747 787 806 coniunctast
810 764 898 808 causa
921 746 1045 808 duobus.

127 832 176 901 s
210 833 344 911 lienique
368 850 435 892 cum
457 850 567 935 corpus
590 840 718 912 nequeat
739 834 873 913 pererro
898 836 1006 895 animai
1064 855 1106 898 ooo

56 956 87 991 s
167 921 338 1000 discidium,
361 922 433 998 quin
456 922 488 980 in
510 927 604 980 taetro
628 920 758 982 tabescat
780 921 885 1002 odore,

11 992 52 1029 '
96 1026 148 1078 080
168 1009 239 1088 quid
262 1007 379 1069 dubitas
403 1010 476 1086 quin
498 1026 535 1068 ex
558 1010 617 1067 imo
640 1010 818 1088 penitusque
841 1016 941 1070 coorta

148 1095 312 1157 emanarit
333 1097 378 1156 uti
401 1096 499 1156 fumus
523 1095 629 1156 diffusa
652 1099 767 1157 animae
790 1099 847 1178 vis,

168 1191 255 1263 atque
278 1184 346 1244 idco
368 1189 449 1243 tanta
471 1190 617 1243 mutatum
639 1190 726 1263 putre
748 1186 835 1245 ruina

167 1272 330 1333 conciderit
352 1288 474 1352 corpus,
497 1273 616 1350 penitus
641 1273 710 1350 quia
733 1279 812 1333 mota
834 1272 898 1333 loco
922 1280 993 1333 sunt
1064 1295 1104 1336 aas

167 1361 369 1439 fundamenta,
391 1359 470 1419 ioras
493 1366 630 1420 manante
653 1362 750 1420 anima
773 1378 868 1439 usque
891 1379 946 1441 per
968 1368 1050 1421 artus

94 1465 147 1533 080
166 1466 279 1528 perque
302 1450 416 1507 viarum
440 1448 537 1506 omnis
560 1447 668 1527 flexus,
692 1449 723 1507 in
747 1465 871 1527 corpore
895 1451 1052 1528 quisunt,

166 1536 292 1614 atquef
278 1530 443 1595 foramina?
477 1533 660 1594 multimodis
682 1541 716 1595 ut
737 1553 861 1596 noscere
884 1539 982 1614 possis

166 1623 352 1726 dispertitam
375 1624 488 1682 animae
512 1628 648 1682 naturam
670 1623 768 1682 exisse
791 1641 845 1701 per
867 1633 950 1683 artus

166 1718 196 1772 et
217 1713 301 1790 prius
325 1728 391 1770 esse
415 1709 473 1769 sibi
496 1709 666 1770 distractam
688 1727 813 1788 corpore
837 1711 971 1791 inipso,
1064 1733 1105 1774 ooo

166 1816 254 1878 quam
276 1797 411 1878 prolapsa
434 1797 514 1857 ieras
536 1803 640 1857 enaret
661 1799 692 1857 in
716 1799 794 1858 acris
816 1815 911 1859 auras.

96 1905 148 1955 000
166 1881 176 1970 ll
190 1889 261 1966 quin
285 1888 374 1946 etiam
396 1886 464 1944 linis
487 1884 558 1945 dum
580 1887 657 1945 vitae
680 1887 806 1946 vertitur
828 1887 920 1967 intra,

166 1993 253 2053 saepe
277 1973 374 2053 aliqua
396 1979 494 2033 tamen
517 1991 534 2033 0
557 1990 654 2034 causa·
667 1971 808 2033 labefacta
831 1974 948 2034 videtur

165 2066 210 2123 ire
233 2064 330 2122 anima
353 2067 472 2122 aetolo
495 2059 571 2120 solui
594 2061 629 2121 00
654 2078 778 2141 corpore
800 2057 887 2142 velle,

166 2157 196 2211 et
219 2151 304 2228 quasi
327 2166 466 2229 supremo
488 2147 679 2224 languescere
702 2155 836 2228 tempore
858 2148 968 2230 voltus,
1063 2171 1104 2213 sos

165 2237 323 2316 molliaque
348 2238 490 2314 exsangui
508 2235 582 2296 facie
606 2234 711 2295 cadere
734 2236 833 2296 omnia
855 2235 988 2296 membra
1019 2275 1029 2287 .

94 2344 147 2394 000
167 2326 245 2404 quod
268 2343 362 2404 genus
385 2331 445 2404 est,
468 2326 566 2384 animo
589 2323 666 2383 male
689 2324 798 2384 factum
822 2341 889 2383 cum
911 2322 1087 2401 perhibetur

165 2419 216 2474 aut
239 2415 367 2473 animam
390 2411 525 2492 liquisse3
549 2410 601 2472 ubi
623 2413 682 2471 iam
705 2411 871 2490 trepidatur
893 2417 923 2470 et
946 2428 1049 2470 omnes

166 2508 332 2562 extremum
355 2501 480 2578 cupiunt
501 2501 579 2559 vitae
601 2499 820 2577 reprehendere
844 2497 986 2558 vinclum:

166 2594 381 2668 conquassatur
404 2589 484 2647 enim
506 2593 570 2647 tum
593 2604 678 2647 mens
701 2589 874 2665 animaeque
896 2592 1027 2664 potestas
1064 2607 1105 2647 ooo

166 2680 276 2757 omnis,
299 2676 425 2736 ethaeo
447 2677 513 2755 ipso
537 2693 604 2736 cum
627 2692 752 2753 corpore
776 2673 985 2754 conlaheliunt3

94 2782 147 2832 000
165 2770 199 2825 ut
221 2766 337 2843 gravior
359 2761 447 2842 paulo
469 2764 564 2841 possit
587 2760 749 2822 dissolvere
773 2780 868 2822 causa.

167 2852 237 2931 quid
261 2851 378 2912 dubitas
401 2850 521 2911 tandem
543 2851 616 2928 quin
638 2857 721 2910 extra
743 2848 859 2928 prodita
882 2867 990 2928 corpus

165 2939 303 3000 inbecilla
326 2940 419 3019 foras,
441 2940 474 2998 in
497 2945 613 3017 aperto,
636 2939 765 3016 tegmine
789 2937 923 3017 dempto,

165 3046 225 3088 non
247 3026 335 3087 modo
358 3044 418 3087 non
441 3043 559 3085 omnem
581 3027 677 3105 possit
700 3025 806 3085 durare
830 3043 884 3103 per
906 3041 1021 3103 aevom,
1065 3045 1106 3086 ooo

166 3116 218 3176 000
245 3117 402 3176 minimum
430 3112 554 3193 quodvis
581 3120 710 3191 nequeat
733 3114 898 3173 consistere
920 3106 1060 3190 tempus?
1077 3108 1089 3190 ΙΙ

94 3220 221 3270 cosnec
244 3203 303 3263 sibi
325 3205 406 3263 enim
430 3204 586 3281 quisquam
608 3203 740 3261 moriens
764 3203 879 3275 sentire,
900 3199 1017 3260 videtur

165 3295 210 3352 ire
234 3291 313 3352 foras
336 3292 464 3351 animam
486 3288 665 3349 incolumem
688 3287 725 3349 de
749 3306 874 3368 corpore
896 3294 972 3368 toto,

166 3397 222 3441 nec
244 3381 329 3459 prius
352 3378 388 3439 ad
411 3376 545 3456 iugulum
569 3384 599 3437 et
621 3395 745 3455 superas
768 3376 928 3437 succedere
951 3374 1065 3455 lauces,

165 3485 268 3529 verum
292 3467 418 3527 delicere
440 3468 473 3526 in
495 3472 576 3526 certa
598 3467 719 3543 regione
742 3464 880 3544 locatam3
1065 3485 1106 3524 aro

164 3563 199 3617 ut
220 3572 327 3616 sensus
350 3553 424 3614 alios
446 3556 478 3613 in
500 3555 578 3633 parti
601 3570 747 3631 quemque
771 3570 824 3613 sua
847 3553 903 3611 scit

146 3666 290 3707 Lucumo.
303 3664 339 3705 ed.
352 3664 480 3714 Baiones.
562 3658 565 3666 '
870 3656 886 3704 6
