2438 3998
101 208 146 272 74
587 204 627 258 ΙΙΙ

172 352 244 414 illud
266 355 299 413 in
320 351 368 412 his
391 350 481 412 rebus
503 350 605 412 videor
627 352 745 412 firmare
768 359 900 433 potesse,

100 457 154 507 aad
172 458 267 519 usque
291 438 363 500 adeo
386 446 558 499 naturarum
580 442 704 517 vestigia
727 438 822 517 linqui

172 526 303 609 parvola,
326 544 401 606 quae
424 533 551 605 nequeat
573 529 648 587 ratio
672 526 820 605 depellere
844 526 953 608 doctis,

173 623 207 677 ut
228 615 272 676 nil
294 615 425 694 inpediat
448 613 567 692 dignam
589 615 636 675 dis
659 613 767 692 degere
789 617 887 674 vitam.

216 703 296 764 llaec
317 704 408 781 igitur
430 709 535 763 natura
556 709 675 763 tenetur
697 720 821 781 corpore
845 701 880 763 ab
904 704 998 782 omni,

174 792 296 869 ipsaque
320 792 454 869 corporis
476 796 522 850 est
544 797 644 851 custos
667 796 696 849 et
722 808 809 850 causa
833 789 949 851 salutis:

101 895 155 945 325
174 897 242 938 nam
264 877 470 939 communibus
492 879 571 937 inter
594 895 625 937 se
649 877 798 938 radicibus
820 878 955 958 haerent,

173 985 229 1027 nec
251 968 315 1026 sine
337 967 469 1044 pernicie
492 963 591 1025 divelli
614 982 701 1044 posse
724 965 870 1026 videntur.

174 1054 252 1133 quod
275 1071 368 1132 genus
391 1071 408 1113 e
430 1053 526 1113 thuris
550 1051 661 1130 glaebis
684 1052 809 1114 evellere
833 1053 954 1113 odorem

173 1141 251 1202 haud
274 1139 401 1221 facilest,
425 1142 497 1219 quin
520 1142 646 1201 intereat
668 1148 773 1201 natura
796 1159 913 1220 quoque
937 1142 1010 1202 eiua.

174 1231 218 1290 sic
240 1231 331 1289 animi
353 1235 440 1307 atque
464 1230 577 1288 animae
600 1234 736 1289 naturam
759 1246 883 1308 corpore
906 1235 968 1288 toto

102 1333 155 1382 aso
174 1315 329 1376 extrahere
351 1316 422 1376 haut
444 1315 571 1397 facilest,
594 1319 667 1394 quin
690 1318 788 1376 omnia
811 1315 1019 1377 dissoluantur.

175 1402 300 1482 inplexis
323 1405 363 1464 ita
386 1405 541 1482 principiis
564 1403 600 1464 ah
624 1405 737 1481 origine
759 1406 855 1482 prima

174 1493 253 1551 inter
276 1508 308 1551 se
331 1491 407 1550 liunt
428 1493 560 1551 consorti
582 1491 714 1570 praedita
737 1494 809 1572 vita,

174 1597 230 1640 nec
252 1578 310 1638 sibi
333 1596 465 1657 quaeque
490 1580 555 1639 sine
578 1578 700 1639 alterius
718 1581 748 1639 vi
769 1597 857 1657 posse
880 1579 996 1640 videtur

174 1668 308 1745 corporis
331 1673 419 1745 atque
442 1668 532 1726 animi
555 1684 689 1726 seorsum
713 1669 825 1727 sentire
848 1674 991 1747 potestas,

102 1772 155 1821 aaa
174 1754 226 1815 sed
250 1753 455 1815 communibus
478 1756 628 1814 intereas
651 1755 796 1814 conflatur
817 1757 966 1833 utrimque

173 1841 303 1902 motibus
326 1859 467 1903 accensus
490 1839 576 1901 nohis
597 1860 652 1921 per
674 1844 788 1902 viscera
809 1860 924 1902 sensus.

217 1923 228 2013 ll
239 1929 395 1990 Praeterea
417 1947 525 2007 corpus
547 1946 601 2007 per
624 1947 656 1988 se
679 1947 734 1990 nec
756 1931 888 2008 gignitur
909 1948 1048 2008 umquam

175 2036 230 2079 nec
252 2019 361 2078 crescit
382 2034 478 2095 neque
501 2023 717 2094 postmortem
739 2017 846 2077 dirrare
869 2017 993 2078 ridetur.

174 2106 345 2185 nonenim,
368 2112 401 2164 ut
423 2121 509 2163 umor
532 2106 624 2181 aquae
647 2104 769 2164 dimittit
792 2123 879 2184 saepe
901 2124 1053 2186 vaporem,

103 2206 157 2257 340
176 2194 227 2270 qui
249 2190 335 2251 datus
357 2198 415 2270 est,
438 2208 534 2269 neque
558 2209 592 2251 ea
615 2209 703 2252 causa
725 2192 900 2253 convellitur
922 2195 1000 2273 ipse,

176 2279 228 2339 sed
251 2285 350 2339 manet
372 2278 540 2360 incolumis,
563 2297 635 2360 non,
658 2282 792 2360 inquam,
814 2283 858 2341 sic
880 2283 989 2342 animai

175 2365 333 2426 discidium
356 2373 481 2444 possunt
503 2375 584 2428 artus
606 2367 740 2445 perlerre
763 2367 872 2448 relicti,

175 2454 228 2514 sed
250 2455 370 2533 penitus
391 2461 517 2533 pereunt
539 2454 672 2515 convulsi
695 2472 810 2533 conque
832 2463 1014 2534 putrescunt.

175 2560 212 2601 ex
234 2543 355 2602 ineunte
378 2560 449 2602 aevo
472 2544 515 2602 sic
538 2544 673 2621 corporis
696 2549 783 2621 atque
806 2546 915 2604 animai

103 2646 156 2696 eto
175 2636 276 2690 mutua
299 2629 394 2690 vitalis
418 2629 536 2690 discunt
558 2632 691 2707 contagia
713 2638 824 2711 motus,

175 2718 317 2777 maternis
340 2719 429 2777 etiam
451 2717 593 2777 membris
615 2717 737 2795 alvoque
760 2725 892 2800 reposta,

175 2805 332 2864 discidium
353 2805 390 2866 tot
409 2811 537 2883 nequeat
559 2805 626 2864 fieri
648 2807 712 2865 sine
735 2814 820 2884 peste
843 2805 991 2889 maloquc3

174 2899 209 2952 ut
230 2892 343 2971 videas,
366 2895 504 2970 quoniam
527 2894 712 2953 coniunctast
735 2911 822 2954 causa
845 2893 961 2974 salutis,

175 2980 362 3040 coniunctam
385 2998 501 3058 quoque
524 2987 659 3040 naturam
681 2983 844 3042 consistere
868 3000 978 3043 eorum.
996 2981 1008 3062 ll

103 3082 156 3133 850
219 3066 303 3138 Quod
327 3075 498 3149 superest,
522 3070 616 3147 siquis
639 3086 747 3147 corpus
770 3072 881 3130 sentire
904 3070 1013 3131 relutat

174 3161 262 3233 atque
285 3157 413 3216 animam
435 3155 531 3217 credit
552 3158 729 3235 permixtam
751 3173 875 3236 corpore
897 3164 960 3218 toto

174 3244 326 3321 suscipere
348 3243 428 3304 hunc
450 3250 562 3304 motum
586 3261 674 3322 quem
698 3261 818 3305 sensum
841 3247 1065 3327 nominitamus,

175 3329 222 3389 vel
243 3330 413 3391 manifestas
435 3349 485 3391 res
508 3337 611 3391 contra
632 3349 776 3410 verasque
798 3340 952 3411 repugnat.

175 3416 247 3496 quid
270 3421 310 3479 sit
332 3420 411 3478 enim
435 3435 543 3497 corpus
566 3420 677 3479 sentire
701 3420 773 3498 quid
796 3421 910 3481 adferet
931 3440 1086 3502 umquam,

104 3520 156 3570 too
175 3507 203 3565 si
224 3523 285 3566 non
307 3507 371 3584 ipsa
393 3504 490 3584 palam
513 3506 591 3584 quod
614 3525 663 3567 res
687 3507 769 3568 dedit
790 3527 824 3569 ac
848 3508 948 3569 docuit
970 3506 1046 3571 nos?
