2438 3998
385 942 428 1026 u
452 941 678 1028 nuonnri
710 941 835 1054 olm
923 970 925 982 ·

247 1095 338 1192 Du
383 1094 635 1194 RERUM
680 1095 976 1194 NATURA

446 1267 579 1334 amun
601 1265 778 1335 snxnos

556 1429 663 1438 ,μ--ι

160 1555 276 1616 Primae
299 1554 466 1632 frugiparos
488 1553 566 1614 fetus
588 1552 762 1615 mortalibus
785 1556 880 1633 aegris

160 1642 331 1705 dididerunt
354 1640 501 1721 quondam
522 1641 674 1720 praeclaro
696 1643 815 1702 nomine
837 1642 968 1703 Athenae

160 1738 191 1792 et
212 1737 420 1792 recreaverunt
441 1731 530 1790 vitam
553 1729 692 1809 legesque
715 1737 869 1811 rogarunt,

160 1831 190 1880 ec
211 1821 323 1898 primae
346 1818 492 1880 dederunt
515 1817 622 1878 solacia
645 1816 741 1878 dulcia
763 1820 853 1898 vitae,

120 1923 226 1972 ocum
249 1925 378 1987 genuere
400 1908 496 1967 virum
520 1906 571 1967 tali
593 1924 661 1967 oum
684 1906 772 1967 corde
796 1913 960 1987 repertum,

160 1997 257 2056 omnia
279 1995 409 2056 veridico
432 1996 485 2073 qui
507 1993 653 2073 quondam
676 2012 712 2054 ex
735 2012 787 2055 ore
806 1994 950 2076 proludit,

160 2086 257 2164 cuius,
280 2090 311 2144 et
332 2085 468 2162 extincti,
489 2090 612 2163 propter
633 2083 731 2143 divina
753 2089 871 2163 reperta
911 2078 914 2086 '

160 2170 303 2250 divolgata
325 2179 409 2232 vetus
431 2173 491 2231 iam
513 2171 550 2233 ad
573 2169 686 2232 caelum
709 2170 800 2249 gloria
823 2171 925 2232 lertur.

159 2278 226 2320 nam
249 2278 316 2320 cum
338 2258 411 2319 vidit
432 2260 481 2319 hic
504 2259 540 2320 ad
564 2261 672 2320 victum
696 2277 770 2338 quae
792 2259 902 2338 flagitat
925 2277 997 2320 usus

108 2363 140 2413 ιο
159 2349 257 2409 omnia
279 2349 337 2408 iam
360 2348 452 2408 ferme
475 2346 649 2408 mortalibus
671 2365 737 2408 esse
759 2354 872 2427 parata,

158 2443 201 2517 et,
222 2454 366 2516 proquam
388 2442 502 2516 posset,
523 2437 613 2495 vitam
636 2437 798 2496 consistere
820 2442 928 2516 tutam,

159 2525 269 2584 divitiis
291 2523 426 2584 homines
449 2522 612 2584 ethonore
636 2529 667 2584 et
688 2523 774 2584 laude
796 2525 925 2603 potentis

158 2612 279 2673 allluore
303 2618 390 2691 atque
413 2610 489 2672 bona
512 2619 666 2690 gnatorum
690 2610 834 2673 excellere
857 2611 947 2692 lama,

157 2719 213 2761 nec
235 2702 334 2760 minus
357 2717 425 2760 esse
447 2699 528 2759 domi
549 2701 688 2778 cuiquam
708 2706 807 2759 tamen
830 2701 915 2759 anxia
938 2700 1042 2780 corda,

102 2805 139 2870 ¹15
157 2795 244 2867 atque
267 2789 358 2849 animi
380 2789 503 2865 ingratis
525 2789 615 2848 vitam
637 2805 743 2848 vexare
764 2784 832 2848 sinc
852 2783 920 2848 tollo
1101 2798 1105 2806 '

156 2894 247 2955 pausa
270 2883 357 2954 atque
381 2875 496 2935 infestis
519 2878 585 2954 cogi
607 2876 720 2935 saevire
744 2873 897 2955 querellis,

156 2963 301 3042 intellegit
322 2963 365 3023 ihi
387 2964 490 3023 vitium
513 2980 564 3024 vas
587 2963 704 3023 allicere
728 2965 839 3043 ipsum,

157 3054 312 3132 omniaque
334 3051 415 3112 illius
437 3052 508 3111 vitio
532 3053 716 3129 corrumpier
737 3052 832 3130 intus,

156 3158 231 3220 quae
254 3139 368 3201 conlata
390 3139 477 3220 loris,
499 3146 529 3200 et
550 3138 716 3219 commoda,
739 3156 865 3218 cumque
889 3149 1037 3220 uenirent3

102 3245 136 3295 ao
154 3230 263 3309 partim
286 3228 363 3307 quod
386 3228 498 3288 lluxum
520 3235 733 3307 pertusumque
757 3244 823 3288 osse
845 3227 975 3308 videbat,

154 3325 188 3378 ut
210 3315 290 3378 nulla
312 3324 414 3397 posset
436 3318 549 3377 ratione
573 3315 719 3395 explerier
742 3333 895 3397 umquam,

153 3408 261 3486 partim
286 3403 364 3484 quod
386 3411 481 3466 taetro
504 3407 589 3484 quasi
611 3422 809 3484 conspurcare
831 3420 937 3483 sapore

154 3497 252 3555 omnia
275 3491 428 3575 comebat,
451 3511 653 3572 quaecumque
677 3499 842 3574 receperat,
864 3494 954 3552 intus.
