2438 3998
101 256 165 322 134
586 258 612 313 V

170 407 283 466 accidat
306 407 429 466 exitium
452 405 526 466 caeli
548 413 704 485 terraeque
727 407 872 487 futurum,

170 500 200 554 et
223 511 309 573 quam
333 492 452 554 difficile
475 494 505 554 id
529 494 602 555 mihi
625 497 664 554 sit
685 497 857 573 pervincere
881 493 980 574 dictis3

101 599 152 649 100
171 589 203 642 00
225 583 259 642 fit
281 580 333 642 ubi
354 582 502 643 insolitam
525 601 589 643 rem
612 583 749 662 adportes
772 582 893 642 auribus
916 589 996 662 ante,

170 688 225 730 nec
247 677 345 730 tamen
367 670 443 731 banc
465 673 563 750 possis
586 670 738 749 oculorum
762 670 888 731 subdere
911 673 977 730 visu

170 777 226 819 000
248 761 345 818 iacere
368 759 440 819 indu
463 777 579 840 manus,
602 761 649 819 via
672 778 729 837 qua
752 761 864 819 munita
887 759 957 818 fidei

170 848 303 926 proxima
326 846 384 907 fert
405 847 565 907 humanum
587 848 618 906 in
641 854 744 926 pectus
767 846 934 925 templaque
957 849 1077 908 mentis.

102 998 105 1019 Ι
171 935 223 995 sed
245 942 344 995 tamen
367 934 485 995 effabor.
522 934 609 996 dictis
632 934 713 994 dabit
735 937 798 1013 ipsa
822 935 909 995 fidem
933 953 994 1015 000,

29 1084 35 1097 ,
102 1037 152 1088 100
172 1023 307 1104 forsitan,
330 1029 361 1083 et
383 1025 510 1101 graviter
531 1030 678 1084 terrarum
701 1023 828 1084 motibus
853 1026 925 1083 ortis

171 1114 268 1171 omnia
291 1113 481 1190 conquassari
504 1113 535 1171 in
557 1130 645 1190 parvo
668 1118 801 1190 tempore
824 1130 936 1172 cernes.

172 1199 249 1278 quod
271 1199 375 1278 procul
398 1218 414 1259 a
436 1197 521 1259 nobis
544 1199 643 1259 flectat
665 1200 782 1260 fortuna
804 1198 985 1280 gubernans,

171 1295 202 1347 et
224 1289 299 1347 ratio
321 1290 420 1366 potius
443 1304 531 1365 quam
552 1305 601 1347 000
624 1287 801 1366 persuadeat
822 1291 886 1366 ipsa

172 1375 324 1435 succidere
346 1375 502 1435 horrisono
524 1393 612 1454 posse
636 1378 732 1436 omnia
755 1378 831 1435 victa
855 1376 977 1453 fragore.

102 1480 153 1528 110
216 1462 278 1533 Qua
301 1465 384 1542 prius
408 1463 562 1542 adgrediar
585 1482 671 1542 quam
695 1464 731 1524 de
753 1482 786 1524 re
810 1464 932 1524 fundere
956 1465 1014 1524 fata

172 1554 302 1611 sanctius
325 1558 355 1611 et
376 1551 468 1612 multo
491 1559 571 1612 00000
593 1555 707 1612 ratione
730 1554 823 1630 magis
847 1570 934 1630 quam

171 1639 273 1718 Pythia
297 1658 371 1718 quac
394 1640 509 1719 tripode
533 1659 549 1700 a
571 1639 682 1700 Phoebi
705 1640 845 1718 lauroque
868 1642 1014 1722 profatur,

173 1728 264 1789 multa
286 1728 341 1788 tibi
364 1729 516 1807 expediam
540 1728 633 1788 doctis
657 1727 763 1788 solacia
787 1729 886 1809 dictis,

172 1816 315 1895 religione
339 1816 504 1876 refrenatus
526 1834 563 1876 00
587 1817 662 1877 forte
685 1818 779 1876 rearis

103 1918 154 1967 110
172 1911 267 1964 terras
290 1911 320 1964 00
343 1903 434 1964 solem
457 1912 487 1964 et
510 1904 635 1985 caelum,
658 1923 738 1965 mare
762 1904 859 1964 sidera
882 1902 994 1984 lunam,

173 2010 296 2071 corpore
320 1991 419 2051 divino
442 1991 550 2052 debere
573 2000 692 2053 0000000
714 2011 846 2072 manere,

172 2088 387 2159 proptereaque
409 2088 496 2159 putes
519 2083 579 2141 ritu
601 2100 655 2159 par
678 2099 743 2141 esse
767 2080 923 2158 Gigantum

172 2168 301 2247 pendere
325 2186 376 2228 eos
397 2186 507 2247 poenas
530 2171 641 2229 inmani
662 2187 717 2248 pro
741 2168 852 2228 scelere
876 2172 985 2249 omnis,

174 2259 224 2336 qui
247 2258 359 2316 ratione
384 2274 436 2316 sua
459 2256 626 2318 disturbent
647 2260 763 2316 moenia
785 2257 888 2317 mundi

104 2361 154 2409 100
172 2344 414 2424 praeclarumque
437 2344 527 2405 velint
550 2342 624 2404 caeli
646 2346 831 2422 restinguere
855 2344 960 2426 solem,

173 2433 338 2493 inmortalia
361 2432 477 2493 mortali
499 2450 634 2492 sermone
658 2439 805 2513 notantes3

173 2539 247 2600 quac
269 2519 373 2600 procul
395 2538 489 2598 usque
513 2520 585 2579 adeo
608 2520 706 2580 divino
730 2539 745 2580 a
764 2523 884 2581 numine
908 2520 1019 2580 distant

173 2613 262 2688 inque
286 2609 373 2669 deum
395 2625 519 2669 numero
543 2626 616 2686 quae
640 2611 700 2668 sint
722 2608 842 2688 indigna
865 2609 1014 2688 videntur,

173 2700 307 2758 notitiam
329 2699 427 2776 potius
449 2695 591 2774 praebere
615 2703 648 2757 ut
669 2714 756 2775 posse
778 2704 919 2775 putentur

103 2785 243 2866 itaquid
267 2788 305 2845 sit
327 2783 409 2844 vitali
429 2791 512 2844 motu
535 2803 681 2863 sensuque
704 2793 857 2845 remotum,

173 2876 281 2953 quippe
305 2875 413 2933 etenim
436 2890 495 2932 non
518 2880 575 2953 est,
599 2891 666 2933 cum
690 2876 792 2952 quovis
816 2890 939 2952 corpore
961 2880 994 2933 ut
1017 2891 1084 2934 esse

173 2980 260 3041 posse
283 2963 374 3020 animi
396 2967 498 3020 natura
521 2968 642 3039 putetur
664 2961 885 3039 consiliumque.
1069 2985 1109 3024 00

174 3049 252 3128 quod
271 3051 409 3127 quoniam
423 3056 524 3108 nostro
539 3068 654 3129 quoque
670 3057 784 3110 constat
797 3067 920 3127 corpore
937 3056 1052 3109 certum
1068 3074 1110 3113 ree

174 3139 408 3216 dispositumque
431 3137 546 3197 videtur
569 3138 621 3198 ubi
643 3156 709 3198 esse
732 3145 762 3198 et
784 3156 917 3197 crescere
940 3140 1036 3216 possit

104 3244 155 3292 130
174 3243 307 3285 seorsum
322 3227 417 3284 anima
432 3232 518 3303 atque
533 3228 656 3305 animus,
670 3232 750 3286 tanto
765 3228 857 3303 magis
867 3225 1052 3285 infitiandum
1069 3251 1111 3291 140

103 3320 266 3382 141totum
288 3331 375 3392 posse
399 3320 480 3373 extra
504 3332 610 3393 corpus
633 3314 815 3392 formamque
838 3313 993 3374 animalem

173 3401 310 3482 putribus
332 3403 364 3460 in
387 3400 480 3480 glebis
502 3409 650 3462 terrarum
672 3408 722 3462 aut
745 3401 815 3461 solis
838 3404 869 3461 in
892 3404 953 3480 igni

170 3493 277 3551 autin
301 3508 376 3571 aqua
400 3490 506 3550 durare
530 3497 579 3550 aut
601 3490 667 3549 altis
690 3490 818 3550 aetheris
841 3492 909 3550 oris.

343 3576 669 3661 000-100]εο
683 3574 866 3642 rso-roo.
