2438 3998
597 273 611 326 Ι
1065 272 1110 336 25

169 440 206 483 ex
229 421 404 499 alienigenis
428 422 593 481 consistant
615 420 695 499 ligna
717 426 884 502 necessest,
1069 435 1109 476 an

170 528 207 570 ex
230 509 418 588 alienigenis,
442 526 516 588 quae
538 508 627 587 lignis
650 511 832 585 exoriuntur.
1070 519 1111 561 ⁸⁷⁴

99 604 155 681 81ξρ
237 599 373 675 inquitur
394 595 444 656 hic
467 596 611 675 quaedam
633 595 768 657 latitandi
790 597 875 675 copia
896 597 1007 676 tenvis,
1070 563 1124 681 ltbt

92 670 200 801 Aptid
224 684 303 764 quod
325 685 512 762 Anaxagoras
536 683 594 744 sibi
617 686 721 765 sumit,
743 691 777 745 ut
799 683 936 744 omnibus
960 684 1056 745 omnis
1121 684 1126 706 ³

170 791 220 833 res
242 778 327 851 putet
349 773 489 832 inmixtas
511 771 602 833 rebus
624 771 755 853 latitare,
778 772 831 832 sed
853 770 926 832 illud

131 920 132 925 ,
170 878 313 939 apparere
336 877 443 940 unum,
466 861 552 921 cuius
575 861 635 919 sint
656 859 785 939 plurima
807 861 899 919 mixta

98 845 318 1124 biwagss
342 950 374 1007 in
396 955 536 1026 promptu
558 949 713 1026 primaque
736 949 767 1007 in
790 947 887 1007 fronte
910 945 1012 1006 locata.

212 1036 249 1096 od
271 1042 372 1096 tamen
394 1053 411 1095 a
433 1053 502 1095 vera
525 1034 612 1113 longe
634 1037 749 1095 ratione
770 1033 959 1115 repulsnmst.

100 1130 153 1180 875
174 1122 368 1184 conveniebat
390 1125 471 1182 enim
493 1121 593 1201 fruges
617 1140 735 1201 quoque
758 1141 859 1203 saepe,
881 1124 992 1182 minaci

172 1210 371 1271 roborecum
395 1213 459 1270 saxi
481 1211 671 1290 franguntur,
693 1212 812 1271 mittere
835 1212 953 1288 signum

173 1300 326 1376 sanguinis
349 1303 401 1358 aut
422 1297 546 1379 aliquid,
569 1305 670 1358 nostro
694 1315 770 1376 quae
793 1315 918 1376 corpore
941 1296 1067 1357 aluntur.

172 1405 240 1449 cum
262 1386 353 1465 lapidi
375 1385 505 1465 lapidem
526 1389 664 1468 terimus,
686 1405 806 1447 manare
829 1405 974 1449 cruorem.

101 1481 159 1534 885
173 1473 321 1535 consimili
343 1476 458 1535 ratione
472 1473 589 1534 'herbas
612 1493 729 1553 quoque
752 1492 840 1553 saepe
863 1475 985 1536 decebat
1071 1487 1111 1529 8⁸⁶

101 1569 153 1620 880
173 1568 203 1623 et
226 1561 331 1623 salices
354 1561 450 1622 dulcis
473 1568 571 1641 guttas
595 1562 744 1641 similique
768 1580 873 1641 sapore

171 1652 305 1730 mittere,
327 1649 477 1727 lanigerae
499 1648 580 1728 quali
603 1656 673 1710 sunt
694 1648 787 1710 ubere
810 1648 909 1731 lactis,

173 1737 300 1819 scilicet,
323 1744 354 1798 et
376 1737 470 1816 glebis
492 1744 641 1798 terrarum
663 1754 752 1817 saepe
775 1736 870 1797 friatis

172 1825 333 1886 herbarum
355 1843 464 1903 genera
487 1832 518 1886 et
539 1826 640 1903 fruges
662 1824 842 1903 frondesque
865 1824 959 1884 videri

101 1920 159 1973 890
173 1914 329 1992 dispertita
351 1915 430 1973 inter
451 1919 563 1973 terram
585 1912 700 1973 latitare
723 1913 850 1992 minute,
1071 1926 1112 1967 aco

102 2011 154 2060 885
173 2008 324 2080 postremo
346 2002 378 2060 in
399 1999 490 2078 lignis
512 2002 643 2061 cinerem
666 2000 839 2079 fumumque
860 2000 967 2082 videri,

174 2107 243 2150 cum
265 2088 429 2167 praefracta
452 2089 563 2169 forent,
585 2089 723 2167 ignisque
745 2087 838 2150 latere
859 2090 998 2150 minutos.

175 2194 303 2257 quorum
324 2176 367 2236 nil
389 2177 455 2237 lieri
479 2177 619 2255 quoniam
640 2176 797 2237 manifesta
820 2176 906 2237 docet
927 2194 990 2258 res,

175 2266 252 2325 sciro
275 2263 346 2325 licet
367 2282 427 2324 non
449 2281 516 2324 esse
539 2265 571 2324 in
593 2263 683 2325 rebus
705 2283 755 2324 res
777 2266 818 2324 ita
840 2266 961 2346 mixtas,

102 2361 159 2412 895
173 2369 277 2413 verum
299 2354 413 2412 semina
435 2350 617 2412 multimodis
639 2353 763 2412 inmixta
784 2351 876 2412 latere
1071 2365 1112 2406 coc

102 2450 156 2498 880
174 2439 333 2502 multarum
355 2457 456 2500 rerum
478 2441 510 2500 in
533 2439 623 2500 rebus
647 2442 813 2500 communia
836 2439 954 2500 debent.

219 2524 268 2589 ‘At
290 2545 378 2607 saepe
400 2529 433 2588 in
454 2529 569 2606 magnis
592 2528 627 2588 tit
648 2521 811 2587 montibus'
833 2529 934 2606 inquis
958 2523 1003 2588 ‘nt
1025 2526 1092 2588 altis

174 2614 331 2677 arboribus
353 2617 450 2676 vicina
472 2616 625 2676 cacumina
648 2632 763 2676 summa
785 2621 920 2676 terantur

174 2707 253 2765 inter
275 2721 322 2784 se,
343 2703 448 2764 validis
470 2704 568 2763 facere
591 2703 622 2763 id
646 2702 819 2781 cogentibus
841 2706 966 2785 austris,

103 2800 159 2853 900
173 2794 267 2853 donec
289 2792 417 2852 llammai
438 2790 586 2852 fulserunt
608 2790 681 2851 llorc
705 2785 826 2852 coorto?
1072 2804 1113 2844 ooo

103 2889 156 2939 895
174 2880 302 2961 scilicet,
325 2887 355 2940 et
376 2897 437 2939 non
460 2886 506 2939 est
527 2878 617 2957 lignis
639 2884 740 2939 tamen
761 2879 870 2939 insitus
893 2879 985 2959 ignis,

174 2986 277 3029 verum
301 2968 413 3027 semina
436 2973 505 3027 sunt
528 2966 642 3027 ardoris
665 2965 770 3047 multa,
793 2965 916 3026 terendo

174 3074 249 3136 quae
273 3073 341 3116 oum
363 3053 546 3135 confluxere,
572 3061 675 3116 creant
696 3053 834 3115 incendia
857 3053 952 3114 silvis:

174 3143 253 3223 quod
276 3145 303 3204 si
325 3143 400 3204 lacta
422 3143 499 3203 toret
521 3140 604 3202 silvis
627 3141 799 3203 abscondita
821 3141 952 3222 llamma,

100 3238 158 3292 905
171 3249 231 3292 non
253 3238 376 3310 possent
397 3230 491 3291 ullum
513 3236 630 3309 tempus
654 3229 779 3291 celarier
801 3231 899 3310 ignes,
1072 3240 1113 3282 ³0⁵

101 3328 154 3378 900
174 3320 355 3381 conticerent
375 3317 460 3397 volgo
483 3317 586 3398 silvas,
609 3316 729 3379 arbusta
752 3324 926 3378 cremarent

172 3410 270 3468 iamne
292 3407 375 3467 vides
398 3408 502 3487 igitur,
524 3404 612 3486 paulo
637 3405 715 3484 quod
739 3406 867 3467 diximus
890 3411 972 3486 aute,

170 3496 325 3576 permagni
346 3494 459 3555 referre
483 3494 586 3555 eadem
608 3494 770 3574 primordia
793 3511 882 3572 saepe

172 3601 240 3644 cum
264 3584 371 3663 quibus
394 3593 425 3647 et
447 3585 527 3666 quali
548 3589 683 3667 positura
706 3588 913 3648 contineantur
