2438 3998
149 205 211 270 tos
634 202 673 258 IV

217 359 248 413 et
268 353 391 430 vestigia
413 358 513 412 nostra
536 352 622 429 sequi
643 357 816 430 gestumque
839 352 961 432 imitari3
1025 393 1027 395 >
1110 371 1152 414 sas

217 444 285 501 adra
308 441 335 499 si
356 440 454 500 credis
476 441 623 519 privatum
645 438 757 500 lumine
779 456 866 518 posse

144 544 199 594 eso
217 527 386 609 indugredi,
409 534 506 588 motus
528 528 681 588 hominum
703 536 877 606 gestumque
900 534 1086 606 sequentem:

144 632 283 684 soonam
305 614 348 676 nil
370 633 436 676 esse
457 619 562 695 potest
577 615 656 676 aliud
681 617 741 675 uisi
762 615 874 677 lumine
896 633 998 676 cassus

218 708 269 765 adr
290 704 321 764 id
344 703 422 783 quod
444 720 499 764 nos
521 703 657 765 umbram
678 702 835 782 perhibere
858 708 987 765 suemus.

217 794 370 873 nimirum,
393 794 462 871 quia
484 800 564 853 terra
585 791 658 852 locis
681 809 717 852 ex
740 791 843 853 ordine
866 794 958 852 certis
1111 813 1153 852 ero

218 880 329 941 lumine
352 882 484 959 privatur
506 879 577 941 solis
601 897 785 958 quacumque
807 887 940 941 meantes

146 985 199 1036 sss
219 969 376 1049 efficimus,
402 968 533 1048 repletur
554 970 627 1028 item
650 967 728 1047 quod
750 967 892 1046 liquimus
914 970 993 1049 eius,

144 1064 373 1136 371propterea
396 1057 429 1117 nt
451 1058 496 1116 uti
516 1056 663 1137 videatur,
687 1074 761 1135 quae
784 1056 839 1116 fuit
860 1055 965 1116 umbra

219 1146 366 1226 corporis,
389 1163 405 1205 e
427 1146 548 1222 regione
571 1145 673 1204 eadem
696 1162 751 1205 nos
772 1162 875 1223 usque
891 1151 999 1205 secuta.

218 1251 336 1312 semper
359 1234 437 1292 enim
459 1250 534 1293 nova
556 1250 588 1292 se
611 1232 761 1293 radiorum
783 1231 894 1293 lumina
915 1232 1044 1293 fundunt
1112 1253 1152 1294 ero

218 1323 372 1400 primaque
395 1320 579 1401 dispereunt,
603 1323 688 1399 quasi
709 1322 741 1380 in
764 1322 862 1399 ignem
884 1320 951 1381 lana
972 1321 1112 1381 trahatur.

146 1426 201 1476 eoo
219 1414 376 1488 propterea
398 1406 483 1468 facile
506 1415 537 1468 et
559 1407 702 1487 spoliatur
723 1408 834 1469 lumine
856 1417 948 1488 terra,

146 1514 204 1566 376
218 1505 248 1557 et
269 1495 401 1574 repletur
423 1498 495 1556 item
516 1498 675 1576 nigrasque
698 1496 757 1557 sibi
779 1496 872 1558 abluit
894 1497 1021 1557 umbras.

263 1583 325 1650 Nec
346 1591 445 1645 tamen
466 1583 515 1645 hic
538 1583 639 1645 oculos
662 1584 723 1645 ialli
744 1585 934 1646 concedimus
957 1583 1058 1645 hilum.

219 1690 287 1733 nam
310 1690 494 1751 quocumque
517 1671 581 1733 loco
605 1675 645 1733 sit
665 1672 716 1734 lux
737 1680 825 1751 atque
847 1672 952 1734 umbra
976 1676 1056 1735 tueri
1113 1698 1154 1737 seo

219 1760 379 1821 illorumst:
402 1761 505 1821 eadem
527 1778 597 1821 vero
620 1762 681 1822 sint
701 1760 812 1821 lumina
833 1779 941 1842 necne,

148 1865 201 1917 seo
219 1848 382 1927 umbraque
405 1867 479 1928 quae
502 1849 558 1909 iuit
579 1849 628 1910 hic
651 1849 752 1910 eadem
775 1866 854 1910 nunc
875 1857 1006 1911 transeat
1029 1849 1098 1911 illuc

149 1954 256 2006 381an
278 1939 377 2017 potius
400 1938 451 1997 fiat
471 1936 559 2016 paulo
583 1937 662 2016 quod
684 1937 812 1998 diximus
835 1943 915 2019 ante,

220 2025 277 2086 hoc
299 2026 390 2085 anim
411 2025 531 2085 demum
553 2027 627 2086 ratio
650 2026 819 2086 discernere
842 2024 942 2107 debet,

221 2131 276 2174 nec
298 2119 423 2191 possunt
444 2113 523 2174 oculi
545 2121 679 2174 naturam
700 2131 822 2174 noscere
845 2131 954 2174 rerum.
1114 2139 1153 2178 sss

219 2200 343 2281 proinde
367 2203 457 2262 animi
479 2203 584 2262 vitium
605 2201 661 2261 hoc
679 2200 777 2262 oculis
801 2201 948 2280 adfingere
970 2202 1039 2263 noli.

150 2307 203 2356 πο
222 2306 279 2368 qua
301 2289 436 2350 vehimur
458 2291 539 2371 navi,
562 2289 668 2370 fertur,
690 2307 759 2350 cum
781 2297 861 2350 stare
882 2290 1011 2351 ridetur:

149 2392 205 2444 386
220 2395 294 2456 quae
317 2384 417 2437 manet
438 2379 471 2438 iu
487 2379 630 2456 statione,
653 2395 688 2438 ea
709 2385 827 2457 praeter
849 2378 981 2439 creditur
1003 2381 1055 2439 ire.

221 2473 251 2526 et
273 2466 375 2543 fugere
398 2464 578 2544 adpuppim
601 2464 690 2525 colles
713 2467 868 2544 campique
890 2466 1039 2549 videntur,

220 2571 294 2634 quos
317 2555 431 2632 agimus
453 2559 571 2632 praeter
592 2570 696 2613 navem
718 2552 849 2632 velisque
872 2553 1011 2615 volamus.
1114 2579 1155 2618 eoo

221 2641 319 2702 sidera
342 2658 458 2702 cessare
481 2640 619 2700 aetheriis
642 2640 735 2701 adfixa
758 2643 892 2702 cavernis

150 2729 496 2808 circumducantur,
519 2735 550 2788 et
571 2727 695 2789 adsiduo
718 2736 788 2790 suut
810 2731 906 2790 omnia
929 2737 1024 2811 motu,

149 2817 457 2897 391quandoquidem
478 2815 582 2894 longos
605 2817 702 2877 obitus
725 2823 826 2877 exorta
848 2819 995 2898 revisunt,

221 2923 288 2965 cum
311 2922 467 2984 permensa
489 2922 543 2963 suo
567 2912 636 2965 sunt
657 2905 771 2966 caelum
793 2923 917 2985 corpore
941 2905 1029 2966 claro.

221 2991 323 3072 solque
345 2993 410 3071 pari
431 2995 544 3053 ratione
567 3011 686 3054 manere
710 2999 739 3053 et
761 2993 830 3055 luna
852 2993 989 3054 videntur
1114 3016 1155 3058 sss

220 3083 252 3140 in
275 3081 414 3160 statione,
436 3099 470 3141 ea
493 3098 568 3159 quae
591 3081 663 3141 ferri
685 3099 733 3142 res
756 3082 867 3143 indicat
889 3085 961 3161 ipsa.

148 3184 202 3236 eso
220 3170 422 3248 exstantisque
443 3168 547 3248 procul
569 3169 666 3230 medio
689 3167 726 3230 dc
749 3172 865 3249 gurgite
887 3172 996 3231 montis

148 3273 206 3326 3⁹6
221 3255 365 3317 classibus
387 3259 466 3317 inter
488 3275 562 3337 quos
584 3256 660 3318 liber
681 3264 761 3336 patet
784 3259 880 3319 exitus
903 3260 1020 3339 ingens,

219 3343 316 3406 insula
339 3348 504 3406 coniunctis
526 3353 624 3406 tamen
647 3363 683 3405 ex
705 3344 751 3405 his
774 3363 833 3406 una
857 3346 980 3407 videtur.

219 3436 296 3495 atria
317 3436 429 3494 versari
451 3441 481 3495 et
504 3436 735 3495 circumcursare
758 3432 911 3495 columnae
1115 3456 1157 3497 coo

221 3540 314 3602 usque
337 3521 466 3583 adeant
488 3525 533 3583 uti
554 3523 656 3601 pueris
677 3519 844 3603 rideantur,
866 3521 918 3582 uhi
940 3525 1000 3602 ipsi
