<?xml version="1.0" encoding="UTF-8"?>
<!DOCTYPE html PUBLIC "-//W3C//DTD XHTML 1.0 Transitional//EN"
    "http://www.w3.org/TR/xhtml1/DTD/xhtml1-transitional.dtd">
<html xmlns="http://www.w3.org/1999/xhtml" xml:lang="en" lang="en">
 <head>
  <title>
</title>
<meta http-equiv="Content-Type" content="text/html;charset=utf-8" />
  <meta name='ocr-system' content='tesseract 3.04.00' />
  <meta name='ocr-capabilities' content='ocr_page ocr_carea ocr_par ocr_line ocrx_word'/>
</head>
<body>
  <div class='ocr_page' id='page_1' title='image "./tlucreticarider02carugoog_0144.png"; bbox 0 0 2438 3998; ppageno 0'>
   <div class='ocr_carea' id='block_1_1' title="bbox 596 246 1111 312">
    <p class='ocr_par' dir='ltr' id='par_1_1' title="bbox 596 246 1111 312">
     <span class='ocr_line' id='line_1_1' title="bbox 596 246 1111 312; baseline -0.004 0"><span class='ocrx_word' id='word_1_1' title='bbox 596 246 623 300; x_wconf 88' lang='grc' dir='ltr'>Π</span> <span class='ocrx_word' id='word_1_2' title='bbox 1066 246 1111 312; x_wconf 81' lang='grc'><strong>55</strong></span> 
     </span>
    </p>
   </div>
   <div class='ocr_carea' id='block_1_2' title="bbox 101 392 1112 740">
    <p class='ocr_par' dir='ltr' id='par_1_2' title="bbox 101 392 1112 561">
     <span class='ocr_line' id='line_1_2' title="bbox 173 392 1112 455; baseline -0.004 -3"><span class='ocrx_word' id='word_1_3' title='bbox 173 393 224 454; x_wconf 91' lang='lat' dir='ltr'><strong>sed</strong></span> <span class='ocrx_word' id='word_1_4' title='bbox 247 392 338 452; x_wconf 88' lang='lat' dir='ltr'><strong>variis</strong></span> <span class='ocrx_word' id='word_1_5' title='bbox 362 392 465 452; x_wconf 85' lang='lat' dir='ltr'><strong>formis</strong></span> <span class='ocrx_word' id='word_1_6' title='bbox 488 396 635 454; x_wconf 84' lang='lat' dir='ltr'><strong>variantes</strong></span> <span class='ocrx_word' id='word_1_7' title='bbox 659 394 747 455; x_wconf 91' lang='lat' dir='ltr'><strong>edere</strong></span> <span class='ocrx_word' id='word_1_8' title='bbox 770 400 875 455; x_wconf 73' lang='lat' dir='ltr'><strong>motus.</strong></span> <span class='ocrx_word' id='word_1_9' title='bbox 1071 409 1112 449; x_wconf 80' lang='lat' dir='ltr'><strong>aas</strong></span> 
     </span>
     <span class='ocr_line' id='line_1_3' title="bbox 101 483 1112 561; baseline -0.004 -15"><span class='ocrx_word' id='word_1_10' title='bbox 101 496 160 549; x_wconf 74' lang='lat'><strong>826</strong></span> <span class='ocrx_word' id='word_1_11' title='bbox 173 483 245 560; x_wconf 91' lang='lat' dir='ltr'><strong>quin</strong></span> <span class='ocrx_word' id='word_1_12' title='bbox 268 483 357 542; x_wconf 91' lang='lat' dir='ltr'><strong>etiam</strong></span> <span class='ocrx_word' id='word_1_13' title='bbox 381 487 489 559; x_wconf 91' lang='lat' dir='ltr'><strong>quanto</strong></span> <span class='ocrx_word' id='word_1_14' title='bbox 512 483 545 540; x_wconf 92' lang='lat' dir='ltr'><strong>in</strong></span> <span class='ocrx_word' id='word_1_15' title='bbox 567 488 666 560; x_wconf 89' lang='lat' dir='ltr'><strong>partes</strong></span> <span class='ocrx_word' id='word_1_16' title='bbox 689 499 739 542; x_wconf 90' lang='lat' dir='ltr'><strong>res</strong></span> <span class='ocrx_word' id='word_1_17' title='bbox 763 500 896 561; x_wconf 88' lang='lat' dir='ltr'><strong>quaeque</strong></span> <span class='ocrx_word' id='word_1_18' title='bbox 919 483 1048 543; x_wconf 89' lang='lat' dir='ltr'><strong>minutas</strong></span> <span class='ocrx_word' id='word_1_19' title='bbox 1071 495 1112 536; x_wconf 77' lang='lat'><strong>82⁶</strong></span> 
     </span>
    </p>

    <p class='ocr_par' dir='ltr' id='par_1_3' title="bbox 101 568 1064 740">
     <span class='ocr_line' id='line_1_4' title="bbox 173 568 1064 649; baseline 0.001 -20"><span class='ocrx_word' id='word_1_20' title='bbox 173 568 347 630; x_wconf 81' lang='lat' dir='ltr'><strong>distrahitur</strong></span> <span class='ocrx_word' id='word_1_21' title='bbox 369 570 477 649; x_wconf 86' lang='lat' dir='ltr'><strong>magis,</strong></span> <span class='ocrx_word' id='word_1_22' title='bbox 499 568 556 629; x_wconf 91' lang='lat' dir='ltr'><strong>hoc</strong></span> <span class='ocrx_word' id='word_1_23' title='bbox 578 572 672 648; x_wconf 86' lang='lat' dir='ltr'><strong>magis</strong></span> <span class='ocrx_word' id='word_1_24' title='bbox 695 577 741 631; x_wconf 91' lang='lat' dir='ltr'><strong>est</strong></span> <span class='ocrx_word' id='word_1_25' title='bbox 763 577 797 630; x_wconf 93' lang='lat' dir='ltr'><strong>ut</strong></span> <span class='ocrx_word' id='word_1_26' title='bbox 820 588 943 631; x_wconf 87' lang='lat' dir='ltr'><strong>cernere</strong></span> <span class='ocrx_word' id='word_1_27' title='bbox 966 572 1064 649; x_wconf 89' lang='lat' dir='ltr'><strong>possis</strong></span> 
     </span>
     <span class='ocr_line' id='line_1_5' title="bbox 101 655 869 740; baseline -0.005 -17"><span class='ocrx_word' id='word_1_28' title='bbox 101 671 153 722; x_wconf 78' lang='lat'><strong>825</strong></span> <span class='ocrx_word' id='word_1_29' title='bbox 172 674 348 718; x_wconf 85' lang='lat' dir='ltr'><strong>evanescere</strong></span> <span class='ocrx_word' id='word_1_30' title='bbox 371 655 512 735; x_wconf 88' lang='lat' dir='ltr'><strong>paulatim</strong></span> <span class='ocrx_word' id='word_1_31' title='bbox 536 659 704 736; x_wconf 81' lang='lat' dir='ltr'><strong>stinguique</strong></span> <span class='ocrx_word' id='word_1_32' title='bbox 728 657 869 740; x_wconf 72' lang='lat' dir='ltr'><strong>colorem,</strong></span> 
     </span>
    </p>
   </div>
   <div class='ocr_carea' id='block_1_3' title="bbox 102 744 1117 3642">
    <p class='ocr_par' dir='ltr' id='par_1_4' title="bbox 172 744 1003 829">
     <span class='ocr_line' id='line_1_6' title="bbox 172 744 1003 829; baseline 0.001 -22"><span class='ocrx_word' id='word_1_33' title='bbox 172 752 206 807; x_wconf 87' lang='lat' dir='ltr'><strong>ut</strong></span> <span class='ocrx_word' id='word_1_34' title='bbox 228 746 262 805; x_wconf 87' lang='lat' dir='ltr'><strong>fit</strong></span> <span class='ocrx_word' id='word_1_35' title='bbox 283 744 336 805; x_wconf 92' lang='lat' dir='ltr'><strong>ubi</strong></span> <span class='ocrx_word' id='word_1_36' title='bbox 358 746 390 804; x_wconf 91' lang='lat' dir='ltr'><strong>in</strong></span> <span class='ocrx_word' id='word_1_37' title='bbox 412 762 516 823; x_wconf 82' lang='lat' dir='ltr'><strong>parvas</strong></span> <span class='ocrx_word' id='word_1_38' title='bbox 538 748 632 824; x_wconf 90' lang='lat' dir='ltr'><strong>partis</strong></span> <span class='ocrx_word' id='word_1_39' title='bbox 655 747 834 825; x_wconf 81' lang='lat' dir='ltr'><strong>discerpitur</strong></span> <span class='ocrx_word' id='word_1_40' title='bbox 857 754 1003 829; x_wconf 83' lang='lat' dir='ltr'><strong>austrum3</strong></span> 
     </span>
    </p>

    <p class='ocr_par' dir='ltr' id='par_1_5' title="bbox 102 832 1113 1088">
     <span class='ocr_line' id='line_1_7' title="bbox 102 832 1113 916; baseline -0.016 -10"><span class='ocrx_word' id='word_1_41' title='bbox 102 851 159 905; x_wconf 85' lang='lat'><strong>830</strong></span> <span class='ocrx_word' id='word_1_42' title='bbox 171 851 304 914; x_wconf 92' lang='lat' dir='ltr'><strong>purpura</strong></span> <span class='ocrx_word' id='word_1_43' title='bbox 326 834 545 912; x_wconf 80' lang='lat' dir='ltr'><strong>poeniceusque</strong></span> <span class='ocrx_word' id='word_1_44' title='bbox 568 833 649 894; x_wconf 92' lang='lat' dir='ltr'><strong>color</strong></span> <span class='ocrx_word' id='word_1_45' title='bbox 672 832 846 895; x_wconf 88' lang='lat' dir='ltr'><strong>clarissimu&#39;</strong></span> <span class='ocrx_word' id='word_1_46' title='bbox 868 835 974 916; x_wconf 89' lang='lat' dir='ltr'><strong>multo,</strong></span> <span class='ocrx_word' id='word_1_47' title='bbox 1072 849 1113 890; x_wconf 80' lang='lat' dir='ltr'><strong>ooo</strong></span> 
     </span>
     <span class='ocr_line' id='line_1_8' title="bbox 173 920 943 1004; baseline 0 -22"><span class='ocrx_word' id='word_1_48' title='bbox 173 922 276 982; x_wconf 88' lang='lat' dir='ltr'><strong>filatim</strong></span> <span class='ocrx_word' id='word_1_49' title='bbox 299 940 367 982; x_wconf 87' lang='lat' dir='ltr'><strong>cum</strong></span> <span class='ocrx_word' id='word_1_50' title='bbox 390 920 606 1001; x_wconf 86' lang='lat' dir='ltr'><strong>distractumst,</strong></span> <span class='ocrx_word' id='word_1_51' title='bbox 629 921 812 1000; x_wconf 88' lang='lat' dir='ltr'><strong>disperditur</strong></span> <span class='ocrx_word' id='word_1_52' title='bbox 834 926 943 1004; x_wconf 71' lang='lat' dir='ltr'><strong>omnio,</strong></span> 
     </span>
     <span class='ocr_line' id='line_1_9' title="bbox 172 1008 1090 1088; baseline 0.001 -18"><span class='ocrx_word' id='word_1_53' title='bbox 172 1027 297 1070; x_wconf 89' lang='lat' dir='ltr'><strong>noscere</strong></span> <span class='ocrx_word' id='word_1_54' title='bbox 319 1017 353 1069; x_wconf 90' lang='lat' dir='ltr'><strong>ut</strong></span> <span class='ocrx_word' id='word_1_55' title='bbox 375 1008 444 1069; x_wconf 89' lang='lat' dir='ltr'><strong>hinc</strong></span> <span class='ocrx_word' id='word_1_56' title='bbox 467 1011 565 1088; x_wconf 90' lang='lat' dir='ltr'><strong>possis</strong></span> <span class='ocrx_word' id='word_1_57' title='bbox 588 1010 672 1088; x_wconf 90' lang='lat' dir='ltr'><strong>prius</strong></span> <span class='ocrx_word' id='word_1_58' title='bbox 696 1027 813 1070; x_wconf 90' lang='lat' dir='ltr'><strong>omnem</strong></span> <span class='ocrx_word' id='word_1_59' title='bbox 836 1011 936 1071; x_wconf 83' lang='lat' dir='ltr'><strong>efflare</strong></span> <span class='ocrx_word' id='word_1_60' title='bbox 960 1010 1090 1072; x_wconf 90' lang='lat' dir='ltr'><strong>colorem</strong></span> 
     </span>
    </p>

    <p class='ocr_par' dir='ltr' id='par_1_6' title="bbox 103 1095 960 1178">
     <span class='ocr_line' id='line_1_10' title="bbox 103 1095 960 1178; baseline -0.008 -12"><span class='ocrx_word' id='word_1_61' title='bbox 103 1115 155 1166; x_wconf 86' lang='grc'><strong>880</strong></span> <span class='ocrx_word' id='word_1_62' title='bbox 173 1097 346 1178; x_wconf 87' lang='lat' dir='ltr'><strong>particulas,</strong></span> <span class='ocrx_word' id='word_1_63' title='bbox 370 1114 457 1176; x_wconf 92' lang='lat' dir='ltr'><strong>quam</strong></span> <span class='ocrx_word' id='word_1_64' title='bbox 481 1095 634 1157; x_wconf 89' lang='lat' dir='ltr'><strong>discedant</strong></span> <span class='ocrx_word' id='word_1_65' title='bbox 657 1097 693 1157; x_wconf 93' lang='lat' dir='ltr'><strong>ad</strong></span> <span class='ocrx_word' id='word_1_66' title='bbox 716 1100 829 1159; x_wconf 93' lang='lat' dir='ltr'><strong>semina</strong></span> <span class='ocrx_word' id='word_1_67' title='bbox 851 1116 960 1159; x_wconf 89' lang='lat' dir='ltr'><strong>rerum.</strong></span> 
     </span>
    </p>

    <p class='ocr_par' dir='ltr' id='par_1_7' title="bbox 217 1185 1010 1265">
     <span class='ocr_line' id='line_1_11' title="bbox 217 1185 1010 1265; baseline 0.003 -20"><span class='ocrx_word' id='word_1_68' title='bbox 217 1185 370 1245; x_wconf 88' lang='lat' dir='ltr'><strong>Postremo</strong></span> <span class='ocrx_word' id='word_1_69' title='bbox 395 1186 535 1263; x_wconf 91' lang='lat' dir='ltr'><strong>quoniam</strong></span> <span class='ocrx_word' id='word_1_70' title='bbox 556 1202 617 1245; x_wconf 94' lang='lat' dir='ltr'><strong>non</strong></span> <span class='ocrx_word' id='word_1_71' title='bbox 641 1187 739 1245; x_wconf 92' lang='lat' dir='ltr'><strong>omnia</strong></span> <span class='ocrx_word' id='word_1_72' title='bbox 761 1204 886 1265; x_wconf 92' lang='lat' dir='ltr'><strong>corpora</strong></span> <span class='ocrx_word' id='word_1_73' title='bbox 908 1204 1010 1247; x_wconf 84' lang='lat' dir='ltr'><strong>rocem</strong></span> 
     </span>
    </p>

    <p class='ocr_par' dir='ltr' id='par_1_8' title="bbox 103 1272 1112 1531">
     <span class='ocr_line' id='line_1_12' title="bbox 103 1272 1112 1354; baseline -0.014 -11"><span class='ocrx_word' id='word_1_74' title='bbox 103 1290 159 1342; x_wconf 85' lang='lat'><strong>835</strong></span> <span class='ocrx_word' id='word_1_75' title='bbox 173 1276 292 1334; x_wconf 90' lang='lat' dir='ltr'><strong>mittere</strong></span> <span class='ocrx_word' id='word_1_76' title='bbox 316 1272 454 1333; x_wconf 80' lang='lat' dir='ltr'><strong>concedis</strong></span> <span class='ocrx_word' id='word_1_77' title='bbox 476 1289 574 1351; x_wconf 91' lang='lat' dir='ltr'><strong>neque</strong></span> <span class='ocrx_word' id='word_1_78' title='bbox 598 1273 731 1352; x_wconf 90' lang='lat' dir='ltr'><strong>odorem,</strong></span> <span class='ocrx_word' id='word_1_79' title='bbox 753 1282 911 1354; x_wconf 89' lang='lat' dir='ltr'><strong>propterea</strong></span> <span class='ocrx_word' id='word_1_80' title='bbox 933 1275 982 1335; x_wconf 36' lang='lat' dir='ltr'><strong>fit*</strong></span> <span class='ocrx_word' id='word_1_81' title='bbox 1072 1287 1112 1329; x_wconf 80' lang='lat' dir='ltr'><strong>aas</strong></span> 
     </span>
     <span class='ocr_line' id='line_1_13' title="bbox 174 1359 956 1423; baseline -0.001 0"><span class='ocrx_word' id='word_1_82' title='bbox 174 1370 288 1423; x_wconf 90' lang='lat' dir='ltr'><strong>utnon</strong></span> <span class='ocrx_word' id='word_1_83' title='bbox 312 1360 449 1421; x_wconf 92' lang='lat' dir='ltr'><strong>omnibus</strong></span> <span class='ocrx_word' id='word_1_84' title='bbox 472 1359 623 1421; x_wconf 80' lang='lat' dir='ltr'><strong>adtribuas</strong></span> <span class='ocrx_word' id='word_1_85' title='bbox 647 1363 761 1422; x_wconf 89' lang='lat' dir='ltr'><strong>sonitus</strong></span> <span class='ocrx_word' id='word_1_86' title='bbox 785 1369 815 1422; x_wconf 91' lang='lat' dir='ltr'><strong>et</strong></span> <span class='ocrx_word' id='word_1_87' title='bbox 837 1361 956 1422; x_wconf 88' lang='lat' dir='ltr'><strong>odores:</strong></span> 
     </span>
     <span class='ocr_line' id='line_1_14' title="bbox 175 1449 1004 1531; baseline 0.001 -21"><span class='ocrx_word' id='word_1_88' title='bbox 175 1453 218 1510; x_wconf 91' lang='lat' dir='ltr'><strong>sio</strong></span> <span class='ocrx_word' id='word_1_89' title='bbox 241 1449 336 1510; x_wconf 91' lang='lat' dir='ltr'><strong>oculis</strong></span> <span class='ocrx_word' id='word_1_90' title='bbox 359 1451 499 1528; x_wconf 91' lang='lat' dir='ltr'><strong>quoniam</strong></span> <span class='ocrx_word' id='word_1_91' title='bbox 520 1466 581 1508; x_wconf 92' lang='lat' dir='ltr'><strong>non</strong></span> <span class='ocrx_word' id='word_1_92' title='bbox 604 1451 703 1509; x_wconf 91' lang='lat' dir='ltr'><strong>omnia</strong></span> <span class='ocrx_word' id='word_1_93' title='bbox 726 1467 848 1510; x_wconf 88' lang='lat' dir='ltr'><strong>cernere</strong></span> <span class='ocrx_word' id='word_1_94' title='bbox 873 1452 1004 1531; x_wconf 87' lang='lat' dir='ltr'><strong>quimus,</strong></span> 
     </span>
    </p>

    <p class='ocr_par' dir='ltr' id='par_1_9' title="bbox 103 1536 1042 1708">
     <span class='ocr_line' id='line_1_15' title="bbox 103 1536 970 1616; baseline -0.006 -12"><span class='ocrx_word' id='word_1_95' title='bbox 103 1555 155 1604; x_wconf 86' lang='grc'><strong>885</strong></span> <span class='ocrx_word' id='word_1_96' title='bbox 177 1540 253 1599; x_wconf 92' lang='lat' dir='ltr'><strong>scire</strong></span> <span class='ocrx_word' id='word_1_97' title='bbox 278 1537 347 1598; x_wconf 87' lang='lat' dir='ltr'><strong>licet</strong></span> <span class='ocrx_word' id='word_1_98' title='bbox 370 1536 514 1616; x_wconf 88' lang='lat' dir='ltr'><strong>quaedam</strong></span> <span class='ocrx_word' id='word_1_99' title='bbox 535 1543 595 1597; x_wconf 92' lang='lat' dir='ltr'><strong>tam</strong></span> <span class='ocrx_word' id='word_1_100' title='bbox 619 1545 754 1598; x_wconf 91' lang='lat' dir='ltr'><strong>constare</strong></span> <span class='ocrx_word' id='word_1_101' title='bbox 778 1537 849 1599; x_wconf 93' lang='lat' dir='ltr'><strong>orba</strong></span> <span class='ocrx_word' id='word_1_102' title='bbox 872 1538 970 1599; x_wconf 92' lang='lat' dir='ltr'><strong>colore</strong></span> 
     </span>
     <span class='ocr_line' id='line_1_16' title="bbox 175 1624 1042 1708; baseline 0 -22"><span class='ocrx_word' id='word_1_103' title='bbox 175 1644 262 1705; x_wconf 88' lang='lat' dir='ltr'><strong>quam</strong></span> <span class='ocrx_word' id='word_1_104' title='bbox 286 1627 349 1686; x_wconf 90' lang='lat' dir='ltr'><strong>sine</strong></span> <span class='ocrx_word' id='word_1_105' title='bbox 373 1624 463 1685; x_wconf 89' lang='lat' dir='ltr'><strong>odore</strong></span> <span class='ocrx_word' id='word_1_106' title='bbox 486 1624 545 1685; x_wconf 89' lang='lat' dir='ltr'><strong>ullo</strong></span> <span class='ocrx_word' id='word_1_107' title='bbox 569 1625 712 1704; x_wconf 91' lang='lat' dir='ltr'><strong>quaedam</strong></span> <span class='ocrx_word' id='word_1_108' title='bbox 736 1628 893 1703; x_wconf 89' lang='lat' dir='ltr'><strong>sonituque</strong></span> <span class='ocrx_word' id='word_1_109' title='bbox 916 1632 1042 1708; x_wconf 90' lang='lat' dir='ltr'><strong>remota,</strong></span> 
     </span>
    </p>

    <p class='ocr_par' dir='ltr' id='par_1_10' title="bbox 102 1713 1113 1881">
     <span class='ocr_line' id='line_1_17' title="bbox 102 1713 1113 1792; baseline -0.007 -17"><span class='ocrx_word' id='word_1_110' title='bbox 102 1731 158 1782; x_wconf 81' lang='lat'><strong>840</strong></span> <span class='ocrx_word' id='word_1_111' title='bbox 172 1733 227 1775; x_wconf 91' lang='lat' dir='ltr'><strong>nec</strong></span> <span class='ocrx_word' id='word_1_112' title='bbox 250 1716 349 1774; x_wconf 92' lang='lat' dir='ltr'><strong>minus</strong></span> <span class='ocrx_word' id='word_1_113' title='bbox 371 1713 444 1774; x_wconf 88' lang='lat' dir='ltr'><strong>haec</strong></span> <span class='ocrx_word' id='word_1_114' title='bbox 467 1715 598 1774; x_wconf 89' lang='lat' dir='ltr'><strong>animum</strong></span> <span class='ocrx_word' id='word_1_115' title='bbox 621 1731 798 1792; x_wconf 86' lang='lat' dir='ltr'><strong>cognoscere</strong></span> <span class='ocrx_word' id='word_1_116' title='bbox 817 1730 905 1792; x_wconf 90' lang='lat' dir='ltr'><strong>posse</strong></span> <span class='ocrx_word' id='word_1_117' title='bbox 924 1731 1057 1792; x_wconf 85' lang='lat' dir='ltr'><strong>sagacem</strong></span> <span class='ocrx_word' id='word_1_118' title='bbox 1072 1727 1113 1768; x_wconf 72' lang='lat' dir='ltr'><strong>ero</strong></span> 
     </span>
     <span class='ocr_line' id='line_1_18' title="bbox 175 1799 923 1881; baseline -0.001 -19"><span class='ocrx_word' id='word_1_119' title='bbox 175 1820 262 1881; x_wconf 94' lang='lat' dir='ltr'><strong>quam</strong></span> <span class='ocrx_word' id='word_1_120' title='bbox 286 1819 360 1881; x_wconf 92' lang='lat' dir='ltr'><strong>quae</strong></span> <span class='ocrx_word' id='word_1_121' title='bbox 384 1807 454 1862; x_wconf 91' lang='lat' dir='ltr'><strong>sunt</strong></span> <span class='ocrx_word' id='word_1_122' title='bbox 477 1799 542 1861; x_wconf 89' lang='lat' dir='ltr'><strong>aliis</strong></span> <span class='ocrx_word' id='word_1_123' title='bbox 565 1800 655 1861; x_wconf 92' lang='lat' dir='ltr'><strong>rebus</strong></span> <span class='ocrx_word' id='word_1_124' title='bbox 678 1803 791 1881; x_wconf 85' lang='lat' dir='ltr'><strong>privata</strong></span> <span class='ocrx_word' id='word_1_125' title='bbox 813 1807 923 1861; x_wconf 91' lang='lat' dir='ltr'><strong>notare.</strong></span> 
     </span>
    </p>

    <p class='ocr_par' dir='ltr' id='par_1_11' title="bbox 219 1888 899 1968">
     <span class='ocr_line' id='line_1_19' title="bbox 219 1888 899 1968; baseline -0.001 -19"><span class='ocrx_word' id='word_1_126' title='bbox 219 1888 277 1951; x_wconf 89' lang='lat' dir='ltr'><strong>Sed</strong></span> <span class='ocrx_word' id='word_1_127' title='bbox 299 1907 337 1949; x_wconf 92' lang='lat' dir='ltr'><strong>ne</strong></span> <span class='ocrx_word' id='word_1_128' title='bbox 361 1890 436 1949; x_wconf 85' lang='lat' dir='ltr'><strong>forte</strong></span> <span class='ocrx_word' id='word_1_129' title='bbox 459 1895 545 1968; x_wconf 91' lang='lat' dir='ltr'><strong>putes</strong></span> <span class='ocrx_word' id='word_1_130' title='bbox 569 1888 631 1949; x_wconf 89' lang='lat' dir='ltr'><strong>solo</strong></span> <span class='ocrx_word' id='word_1_131' title='bbox 655 1889 779 1968; x_wconf 87' lang='lat' dir='ltr'><strong>spoliata</strong></span> <span class='ocrx_word' id='word_1_132' title='bbox 802 1889 899 1949; x_wconf 91' lang='lat' dir='ltr'><strong>colore</strong></span> 
     </span>
    </p>

    <p class='ocr_par' dir='ltr' id='par_1_12' title="bbox 103 1979 956 2145">
     <span class='ocr_line' id='line_1_20' title="bbox 103 1979 956 2058; baseline -0.006 -15"><span class='ocrx_word' id='word_1_133' title='bbox 103 1995 156 2046; x_wconf 79' lang='lat'><strong>840</strong></span> <span class='ocrx_word' id='word_1_134' title='bbox 175 1995 298 2056; x_wconf 93' lang='lat' dir='ltr'><strong>corpora</strong></span> <span class='ocrx_word' id='word_1_135' title='bbox 320 1979 416 2057; x_wconf 92' lang='lat' dir='ltr'><strong>prima</strong></span> <span class='ocrx_word' id='word_1_136' title='bbox 438 1995 572 2058; x_wconf 88' lang='lat' dir='ltr'><strong>manere,</strong></span> <span class='ocrx_word' id='word_1_137' title='bbox 594 1979 684 2037; x_wconf 89' lang='lat' dir='ltr'><strong>etiam</strong></span> <span class='ocrx_word' id='word_1_138' title='bbox 706 1984 821 2038; x_wconf 87' lang='lat' dir='ltr'><strong>secreta</strong></span> <span class='ocrx_word' id='word_1_139' title='bbox 843 1979 956 2056; x_wconf 87' lang='lat' dir='ltr'><strong>teporis</strong></span> 
     </span>
     <span class='ocr_line' id='line_1_21' title="bbox 176 2065 907 2145; baseline -0.003 -18"><span class='ocrx_word' id='word_1_140' title='bbox 176 2072 244 2127; x_wconf 87' lang='lat' dir='ltr'><strong>sunt</strong></span> <span class='ocrx_word' id='word_1_141' title='bbox 266 2084 299 2126; x_wconf 89' lang='lat' dir='ltr'><strong>ac</strong></span> <span class='ocrx_word' id='word_1_142' title='bbox 323 2066 442 2144; x_wconf 86' lang='lat' dir='ltr'><strong>frigoris</strong></span> <span class='ocrx_word' id='word_1_143' title='bbox 465 2067 585 2126; x_wconf 90' lang='lat' dir='ltr'><strong>omnino</strong></span> <span class='ocrx_word' id='word_1_144' title='bbox 609 2065 754 2144; x_wconf 92' lang='lat' dir='ltr'><strong>calidique</strong></span> <span class='ocrx_word' id='word_1_145' title='bbox 777 2067 907 2145; x_wconf 87' lang='lat' dir='ltr'><strong>vaporis,</strong></span> 
     </span>
    </p>

    <p class='ocr_par' dir='ltr' id='par_1_13' title="bbox 103 2152 1113 2409">
     <span class='ocr_line' id='line_1_22' title="bbox 103 2152 1113 2234; baseline -0.016 -10"><span class='ocrx_word' id='word_1_146' title='bbox 103 2172 159 2223; x_wconf 78' lang='grc'><strong>845</strong></span> <span class='ocrx_word' id='word_1_147' title='bbox 174 2162 204 2215; x_wconf 87' lang='lat' dir='ltr'><strong>et</strong></span> <span class='ocrx_word' id='word_1_148' title='bbox 225 2156 325 2214; x_wconf 88' lang='lat' dir='ltr'><strong>sonitu</strong></span> <span class='ocrx_word' id='word_1_149' title='bbox 347 2152 448 2214; x_wconf 88' lang='lat' dir='ltr'><strong>sterila</strong></span> <span class='ocrx_word' id='word_1_150' title='bbox 471 2160 502 2214; x_wconf 87' lang='lat' dir='ltr'><strong>et</strong></span> <span class='ocrx_word' id='word_1_151' title='bbox 525 2171 595 2214; x_wconf 92' lang='lat' dir='ltr'><strong>suco</strong></span> <span class='ocrx_word' id='word_1_152' title='bbox 618 2155 718 2214; x_wconf 91' lang='lat' dir='ltr'><strong>ieiuna</strong></span> <span class='ocrx_word' id='word_1_153' title='bbox 741 2154 890 2234; x_wconf 88' lang='lat' dir='ltr'><strong>feruntur,</strong></span> <span class='ocrx_word' id='word_1_154' title='bbox 1073 2166 1113 2208; x_wconf 75' lang='lat' dir='ltr'><strong>ees</strong></span> 
     </span>
     <span class='ocr_line' id='line_1_23' title="bbox 175 2240 1016 2321; baseline -0.001 -19"><span class='ocrx_word' id='word_1_155' title='bbox 175 2260 230 2303; x_wconf 89' lang='lat' dir='ltr'><strong>nec</strong></span> <span class='ocrx_word' id='word_1_156' title='bbox 253 2244 364 2302; x_wconf 89' lang='lat' dir='ltr'><strong>iaciunt</strong></span> <span class='ocrx_word' id='word_1_157' title='bbox 386 2240 480 2302; x_wconf 92' lang='lat' dir='ltr'><strong>ullum</strong></span> <span class='ocrx_word' id='word_1_158' title='bbox 502 2243 655 2321; x_wconf 91' lang='lat' dir='ltr'><strong>proprium</strong></span> <span class='ocrx_word' id='word_1_159' title='bbox 679 2240 715 2302; x_wconf 91' lang='lat' dir='ltr'><strong>de</strong></span> <span class='ocrx_word' id='word_1_160' title='bbox 739 2260 862 2321; x_wconf 85' lang='lat' dir='ltr'><strong>corpore</strong></span> <span class='ocrx_word' id='word_1_161' title='bbox 887 2241 1016 2301; x_wconf 92' lang='lat' dir='ltr'><strong>odorem.</strong></span> 
     </span>
     <span class='ocr_line' id='line_1_24' title="bbox 176 2328 956 2409; baseline -0.003 -19"><span class='ocrx_word' id='word_1_162' title='bbox 176 2332 254 2391; x_wconf 83' lang='lat' dir='ltr'><strong>sicut</strong></span> <span class='ocrx_word' id='word_1_163' title='bbox 275 2331 435 2390; x_wconf 91' lang='lat' dir='ltr'><strong>amaracini</strong></span> <span class='ocrx_word' id='word_1_164' title='bbox 457 2328 597 2390; x_wconf 90' lang='lat' dir='ltr'><strong>blandum</strong></span> <span class='ocrx_word' id='word_1_165' title='bbox 620 2337 787 2409; x_wconf 89' lang='lat' dir='ltr'><strong>stactaeque</strong></span> <span class='ocrx_word' id='word_1_166' title='bbox 810 2329 956 2408; x_wconf 90' lang='lat' dir='ltr'><strong>liquorem</strong></span> 
     </span>
    </p>

    <p class='ocr_par' dir='ltr' id='par_1_14' title="bbox 104 2417 1082 2586">
     <span class='ocr_line' id='line_1_25' title="bbox 104 2417 909 2497; baseline -0.005 -15"><span class='ocrx_word' id='word_1_167' title='bbox 104 2434 156 2484; x_wconf 81' lang='grc'><strong>845</strong></span> <span class='ocrx_word' id='word_1_168' title='bbox 176 2425 205 2478; x_wconf 90' lang='lat' dir='ltr'><strong>et</strong></span> <span class='ocrx_word' id='word_1_169' title='bbox 227 2417 313 2478; x_wconf 91' lang='lat' dir='ltr'><strong>nardi</strong></span> <span class='ocrx_word' id='word_1_170' title='bbox 335 2417 452 2497; x_wconf 83' lang='lat' dir='ltr'><strong>uorem,</strong></span> <span class='ocrx_word' id='word_1_171' title='bbox 475 2424 577 2478; x_wconf 91' lang='lat' dir='ltr'><strong>nectar</strong></span> <span class='ocrx_word' id='word_1_172' title='bbox 600 2420 652 2497; x_wconf 91' lang='lat' dir='ltr'><strong>qui</strong></span> <span class='ocrx_word' id='word_1_173' title='bbox 674 2418 796 2478; x_wconf 90' lang='lat' dir='ltr'><strong>naribus</strong></span> <span class='ocrx_word' id='word_1_174' title='bbox 818 2417 909 2497; x_wconf 90' lang='lat' dir='ltr'><strong>halat,</strong></span> 
     </span>
     <span class='ocr_line' id='line_1_26' title="bbox 177 2505 1082 2586; baseline 0.001 -21"><span class='ocrx_word' id='word_1_175' title='bbox 177 2523 244 2566; x_wconf 89' lang='lat' dir='ltr'><strong>oum</strong></span> <span class='ocrx_word' id='word_1_176' title='bbox 267 2505 365 2566; x_wconf 85' lang='lat' dir='ltr'><strong>iacere</strong></span> <span class='ocrx_word' id='word_1_177' title='bbox 387 2507 539 2586; x_wconf 87' lang='lat' dir='ltr'><strong>instituas,</strong></span> <span class='ocrx_word' id='word_1_178' title='bbox 562 2509 757 2585; x_wconf 89' lang='lat' dir='ltr'><strong>cumprimis</strong></span> <span class='ocrx_word' id='word_1_179' title='bbox 781 2523 923 2584; x_wconf 85' lang='lat' dir='ltr'><strong>quaerere</strong></span> <span class='ocrx_word' id='word_1_180' title='bbox 946 2523 1000 2585; x_wconf 94' lang='lat' dir='ltr'><strong>par</strong></span> <span class='ocrx_word' id='word_1_181' title='bbox 1023 2511 1082 2586; x_wconf 89' lang='lat' dir='ltr'><strong>est,</strong></span> 
     </span>
    </p>

    <p class='ocr_par' dir='ltr' id='par_1_15' title="bbox 104 2593 1115 2849">
     <span class='ocr_line' id='line_1_27' title="bbox 104 2593 1115 2674; baseline -0.008 -14"><span class='ocrx_word' id='word_1_182' title='bbox 104 2609 161 2661; x_wconf 84' lang='grc'><strong>850</strong></span> <span class='ocrx_word' id='word_1_183' title='bbox 175 2593 271 2672; x_wconf 87' lang='lat' dir='ltr'><strong>quoad</strong></span> <span class='ocrx_word' id='word_1_184' title='bbox 294 2593 364 2653; x_wconf 91' lang='lat' dir='ltr'><strong>licet</strong></span> <span class='ocrx_word' id='word_1_185' title='bbox 386 2612 420 2653; x_wconf 99' lang='lat' dir='ltr'><strong>ac</strong></span> <span class='ocrx_word' id='word_1_186' title='bbox 442 2594 539 2672; x_wconf 93' lang='lat' dir='ltr'><strong>possis</strong></span> <span class='ocrx_word' id='word_1_187' title='bbox 562 2596 709 2674; x_wconf 89' lang='lat' dir='ltr'><strong>reperire,</strong></span> <span class='ocrx_word' id='word_1_188' title='bbox 731 2593 870 2654; x_wconf 88' lang='lat' dir='ltr'><strong>inolentis</strong></span> <span class='ocrx_word' id='word_1_189' title='bbox 894 2593 964 2653; x_wconf 83' lang='lat' dir='ltr'><strong>olivi</strong></span> <span class='ocrx_word' id='word_1_190' title='bbox 1074 2607 1115 2648; x_wconf 79' lang='lat' dir='ltr'><strong>ooo</strong></span> 
     </span>
     <span class='ocr_line' id='line_1_28' title="bbox 177 2680 958 2762; baseline -0.001 -20"><span class='ocrx_word' id='word_1_191' title='bbox 177 2688 326 2761; x_wconf 89' lang='lat' dir='ltr'><strong>naturam,</strong></span> <span class='ocrx_word' id='word_1_192' title='bbox 348 2681 459 2742; x_wconf 91' lang='lat' dir='ltr'><strong>nullam</strong></span> <span class='ocrx_word' id='word_1_193' title='bbox 482 2699 557 2760; x_wconf 90' lang='lat' dir='ltr'><strong>quae</strong></span> <span class='ocrx_word' id='word_1_194' title='bbox 580 2683 677 2742; x_wconf 86' lang='lat' dir='ltr'><strong>mittat</strong></span> <span class='ocrx_word' id='word_1_195' title='bbox 698 2680 821 2742; x_wconf 89' lang='lat' dir='ltr'><strong>naribus</strong></span> <span class='ocrx_word' id='word_1_196' title='bbox 845 2699 958 2762; x_wconf 82' lang='lat' dir='ltr'><strong>arnam,</strong></span> 
     </span>
     <span class='ocr_line' id='line_1_29' title="bbox 176 2769 1044 2849; baseline 0 -20"><span class='ocrx_word' id='word_1_197' title='bbox 176 2787 265 2848; x_wconf 90' lang='lat' dir='ltr'><strong>quam</strong></span> <span class='ocrx_word' id='word_1_198' title='bbox 287 2771 409 2830; x_wconf 91' lang='lat' dir='ltr'><strong>minime</strong></span> <span class='ocrx_word' id='word_1_199' title='bbox 432 2777 465 2830; x_wconf 90' lang='lat' dir='ltr'><strong>ut</strong></span> <span class='ocrx_word' id='word_1_200' title='bbox 487 2771 583 2849; x_wconf 85' lang='lat' dir='ltr'><strong>possit</strong></span> <span class='ocrx_word' id='word_1_201' title='bbox 604 2772 713 2831; x_wconf 83' lang='lat' dir='ltr'><strong>mixtos</strong></span> <span class='ocrx_word' id='word_1_202' title='bbox 736 2772 768 2829; x_wconf 95' lang='lat' dir='ltr'><strong>in</strong></span> <span class='ocrx_word' id='word_1_203' title='bbox 791 2787 915 2848; x_wconf 90' lang='lat' dir='ltr'><strong>corpore</strong></span> <span class='ocrx_word' id='word_1_204' title='bbox 938 2769 1044 2831; x_wconf 90' lang='lat' dir='ltr'><strong>odores</strong></span> 
     </span>
    </p>

    <p class='ocr_par' dir='ltr' id='par_1_16' title="bbox 104 2858 969 3024">
     <span class='ocr_line' id='line_1_30' title="bbox 104 2858 925 2938; baseline -0.007 -16"><span class='ocrx_word' id='word_1_205' title='bbox 104 2872 158 2922; x_wconf 85' lang='grc'><strong>850</strong></span> <span class='ocrx_word' id='word_1_206' title='bbox 177 2864 393 2937; x_wconf 90' lang='lat' dir='ltr'><strong>concoctosque</strong></span> <span class='ocrx_word' id='word_1_207' title='bbox 416 2875 470 2917; x_wconf 93' lang='lat' dir='ltr'><strong>suo</strong></span> <span class='ocrx_word' id='word_1_208' title='bbox 493 2864 679 2918; x_wconf 85' lang='lat' dir='ltr'><strong>contractans</strong></span> <span class='ocrx_word' id='word_1_209' title='bbox 700 2858 826 2936; x_wconf 84' lang='lat' dir='ltr'><strong>perdere</strong></span> <span class='ocrx_word' id='word_1_210' title='bbox 848 2859 925 2938; x_wconf 86' lang='lat' dir='ltr'><strong>viro,</strong></span> 
     </span>
     <span class='ocr_line' id='line_1_31' title="bbox 175 2943 969 3024; baseline 0 -19"><span class='ocrx_word' id='word_1_211' title='bbox 175 2953 298 3024; x_wconf 90' lang='lat' dir='ltr'><strong>propter</strong></span> <span class='ocrx_word' id='word_1_212' title='bbox 320 2945 443 3005; x_wconf 90' lang='lat' dir='ltr'><strong>eandem</strong></span> <span class='ocrx_word' id='word_1_213' title='bbox 464 2962 531 3006; x_wconf 83' lang='lat' dir='ltr'><strong>rem</strong></span> <span class='ocrx_word' id='word_1_214' title='bbox 554 2943 662 3005; x_wconf 89' lang='lat' dir='ltr'><strong>debent</strong></span> <span class='ocrx_word' id='word_1_215' title='bbox 682 2944 845 3024; x_wconf 85' lang='lat' dir='ltr'><strong>primordia</strong></span> <span class='ocrx_word' id='word_1_216' title='bbox 868 2962 969 3006; x_wconf 90' lang='lat' dir='ltr'><strong>rerum</strong></span> 
     </span>
    </p>

    <p class='ocr_par' dir='ltr' id='par_1_17' title="bbox 104 3032 1115 3289">
     <span class='ocr_line' id='line_1_32' title="bbox 104 3032 1115 3114; baseline -0.003 -17"><span class='ocrx_word' id='word_1_217' title='bbox 104 3048 161 3100; x_wconf 81' lang='grc'><strong>855</strong></span> <span class='ocrx_word' id='word_1_218' title='bbox 175 3050 235 3092; x_wconf 92' lang='lat' dir='ltr'><strong>non</strong></span> <span class='ocrx_word' id='word_1_219' title='bbox 258 3033 397 3093; x_wconf 88' lang='lat' dir='ltr'><strong>adhibere</strong></span> <span class='ocrx_word' id='word_1_220' title='bbox 421 3051 508 3093; x_wconf 92' lang='lat' dir='ltr'><strong>suum</strong></span> <span class='ocrx_word' id='word_1_221' title='bbox 531 3032 689 3111; x_wconf 86' lang='lat' dir='ltr'><strong>gignundis</strong></span> <span class='ocrx_word' id='word_1_222' title='bbox 711 3033 801 3094; x_wconf 88' lang='lat' dir='ltr'><strong>rebus</strong></span> <span class='ocrx_word' id='word_1_223' title='bbox 825 3034 959 3114; x_wconf 88' lang='lat' dir='ltr'><strong>odorem,</strong></span> <span class='ocrx_word' id='word_1_224' title='bbox 1075 3047 1115 3088; x_wconf 78' lang='lat'><strong>8⁶⁶</strong></span> 
     </span>
     <span class='ocr_line' id='line_1_33' title="bbox 175 3120 1042 3203; baseline 0.002 -23"><span class='ocrx_word' id='word_1_225' title='bbox 175 3138 232 3182; x_wconf 90' lang='lat' dir='ltr'><strong>neo</strong></span> <span class='ocrx_word' id='word_1_226' title='bbox 254 3123 398 3201; x_wconf 90' lang='lat' dir='ltr'><strong>sonitum,</strong></span> <span class='ocrx_word' id='word_1_227' title='bbox 422 3123 559 3199; x_wconf 91' lang='lat' dir='ltr'><strong>quoniam</strong></span> <span class='ocrx_word' id='word_1_228' title='bbox 582 3120 625 3180; x_wconf 92' lang='lat' dir='ltr'><strong>nil</strong></span> <span class='ocrx_word' id='word_1_229' title='bbox 648 3120 684 3181; x_wconf 88' lang='lat' dir='ltr'><strong>ab</strong></span> <span class='ocrx_word' id='word_1_230' title='bbox 708 3139 741 3181; x_wconf 89' lang='lat' dir='ltr'><strong>se</strong></span> <span class='ocrx_word' id='word_1_231' title='bbox 763 3123 881 3182; x_wconf 90' lang='lat' dir='ltr'><strong>mittere</strong></span> <span class='ocrx_word' id='word_1_232' title='bbox 904 3129 1042 3203; x_wconf 87' lang='lat' dir='ltr'><strong>possunt,</strong></span> 
     </span>
     <span class='ocr_line' id='line_1_34' title="bbox 175 3209 993 3289; baseline 0.004 -21"><span class='ocrx_word' id='word_1_233' title='bbox 175 3226 231 3270; x_wconf 90' lang='lat' dir='ltr'><strong>neo</strong></span> <span class='ocrx_word' id='word_1_234' title='bbox 254 3209 345 3270; x_wconf 84' lang='lat' dir='ltr'><strong>simili</strong></span> <span class='ocrx_word' id='word_1_235' title='bbox 367 3211 482 3270; x_wconf 91' lang='lat' dir='ltr'><strong>ratione</strong></span> <span class='ocrx_word' id='word_1_236' title='bbox 505 3227 640 3288; x_wconf 92' lang='lat' dir='ltr'><strong>saporem</strong></span> <span class='ocrx_word' id='word_1_237' title='bbox 664 3209 791 3289; x_wconf 91' lang='lat' dir='ltr'><strong>denique</strong></span> <span class='ocrx_word' id='word_1_238' title='bbox 815 3227 993 3289; x_wconf 89' lang='lat' dir='ltr'><strong>quemquam</strong></span> 
     </span>
    </p>

    <p class='ocr_par' dir='ltr' id='par_1_18' title="bbox 105 3297 1116 3467">
     <span class='ocr_line' id='line_1_35' title="bbox 105 3297 1116 3379; baseline -0.003 -19"><span class='ocrx_word' id='word_1_239' title='bbox 105 3312 158 3362; x_wconf 86' lang='grc'><strong>855</strong></span> <span class='ocrx_word' id='word_1_240' title='bbox 176 3315 232 3357; x_wconf 91' lang='lat' dir='ltr'><strong>nec</strong></span> <span class='ocrx_word' id='word_1_241' title='bbox 259 3298 353 3377; x_wconf 85' lang='lat' dir='ltr'><strong>frigus</strong></span> <span class='ocrx_word' id='word_1_242' title='bbox 380 3315 476 3376; x_wconf 91' lang='lat' dir='ltr'><strong>neque</strong></span> <span class='ocrx_word' id='word_1_243' title='bbox 503 3299 575 3358; x_wconf 93' lang='lat' dir='ltr'><strong>item</strong></span> <span class='ocrx_word' id='word_1_244' title='bbox 599 3297 725 3359; x_wconf 90' lang='lat' dir='ltr'><strong>calidum</strong></span> <span class='ocrx_word' id='word_1_245' title='bbox 748 3298 939 3377; x_wconf 92' lang='lat' dir='ltr'><strong>tepidumque</strong></span> <span class='ocrx_word' id='word_1_246' title='bbox 962 3316 1116 3379; x_wconf 86' lang='lat' dir='ltr'><strong>vaporem,</strong></span> 
     </span>
     <span class='ocr_line' id='line_1_36' title="bbox 177 3385 1069 3467; baseline 0.001 -22"><span class='ocrx_word' id='word_1_247' title='bbox 177 3392 288 3466; x_wconf 85' lang='lat' dir='ltr'><strong>cetera,</strong></span> <span class='ocrx_word' id='word_1_248' title='bbox 312 3404 387 3464; x_wconf 93' lang='lat' dir='ltr'><strong>quae</strong></span> <span class='ocrx_word' id='word_1_249' title='bbox 410 3388 566 3466; x_wconf 88' lang='lat' dir='ltr'><strong>comitant,</strong></span> <span class='ocrx_word' id='word_1_250' title='bbox 588 3392 688 3446; x_wconf 89' lang='lat' dir='ltr'><strong>tamen</strong></span> <span class='ocrx_word' id='word_1_251' title='bbox 711 3394 744 3446; x_wconf 88' lang='lat' dir='ltr'><strong>nt</strong></span> <span class='ocrx_word' id='word_1_252' title='bbox 766 3385 902 3447; x_wconf 90' lang='lat' dir='ltr'><strong>mortalia</strong></span> <span class='ocrx_word' id='word_1_253' title='bbox 920 3393 1069 3467; x_wconf 90' lang='lat' dir='ltr'><strong>constent,</strong></span> 
     </span>
    </p>

    <p class='ocr_par' dir='ltr' id='par_1_19' title="bbox 103 3472 1117 3642">
     <span class='ocr_line' id='line_1_37' title="bbox 103 3472 1117 3555; baseline -0.005 -23"><span class='ocrx_word' id='word_1_254' title='bbox 103 3489 161 3540; x_wconf 82' lang='lat'><strong>860</strong></span> <span class='ocrx_word' id='word_1_255' title='bbox 174 3472 258 3532; x_wconf 92' lang='lat' dir='ltr'><strong>molli</strong></span> <span class='ocrx_word' id='word_1_256' title='bbox 280 3473 372 3555; x_wconf 92' lang='lat' dir='ltr'><strong>lenta,</strong></span> <span class='ocrx_word' id='word_1_257' title='bbox 394 3473 510 3552; x_wconf 80' lang='lat' dir='ltr'><strong>fragosa</strong></span> <span class='ocrx_word' id='word_1_258' title='bbox 532 3476 626 3554; x_wconf 89' lang='lat' dir='ltr'><strong>putri,</strong></span> <span class='ocrx_word' id='word_1_259' title='bbox 649 3493 718 3534; x_wconf 88' lang='lat' dir='ltr'><strong>cava</strong></span> <span class='ocrx_word' id='word_1_260' title='bbox 741 3492 865 3553; x_wconf 90' lang='lat' dir='ltr'><strong>corpore</strong></span> <span class='ocrx_word' id='word_1_261' title='bbox 888 3492 970 3534; x_wconf 93' lang='lat' dir='ltr'><strong>raro:</strong></span> <span class='ocrx_word' id='word_1_262' title='bbox 1075 3488 1117 3528; x_wconf 85' lang='lat' dir='ltr'><strong>eoo</strong></span> 
     </span>
     <span class='ocr_line' id='line_1_38' title="bbox 176 3563 919 3642; baseline 0.001 -22"><span class='ocrx_word' id='word_1_263' title='bbox 176 3563 275 3621; x_wconf 88' lang='lat' dir='ltr'><strong>omnia</strong></span> <span class='ocrx_word' id='word_1_264' title='bbox 298 3564 358 3621; x_wconf 93' lang='lat' dir='ltr'><strong>sint</strong></span> <span class='ocrx_word' id='word_1_265' title='bbox 381 3579 397 3621; x_wconf 90' lang='lat' dir='ltr'><strong>a</strong></span> <span class='ocrx_word' id='word_1_266' title='bbox 420 3563 575 3640; x_wconf 88' lang='lat' dir='ltr'><strong>principiis</strong></span> <span class='ocrx_word' id='word_1_267' title='bbox 599 3563 731 3623; x_wconf 89' lang='lat' dir='ltr'><strong>seiuncta</strong></span> <span class='ocrx_word' id='word_1_268' title='bbox 753 3569 919 3642; x_wconf 90' lang='lat' dir='ltr'><strong>necessest,</strong></span> 
     </span>
    </p>
   </div>
   <div class='ocr_carea' id='block_1_4' title="bbox 0 0 1230 3998">
    <p class='ocr_par' dir='ltr' id='par_1_20' title="bbox 0 0 1230 3998">
     <span class='ocr_line' id='line_1_39' title="bbox 0 0 1230 3998; baseline 0 0"><span class='ocrx_word' id='word_1_269' title='bbox 0 0 1230 3998; x_wconf 95' lang='lat' dir='ltr'><strong> </strong></span> 
     </span>
    </p>
   </div>
  </div>
 </body>
</html>
