2438 3998
103 231 164 286 LIV
470 224 751 287 Pnonndormna

103 375 257 441 succedam
281 375 388 457 fauces
410 375 501 437 Goeb.
525 383 637 456 quaest.
659 394 687 454 p.
712 373 764 454 29,
786 373 930 453 probante
952 373 1024 434 ron
1046 372 1066 435 1.
1089 392 1115 435 c

104 486 132 545 p.
152 464 231 528 335:
253 481 367 544 supera
386 463 444 535 00.
463 482 508 541 vg.
527 497 572 509 -
589 461 599 543 ss
618 460 791 525 613-621
810 458 934 542 11171611.
958 479 1116 540 argumen-

104 562 167 613 tum
181 553 230 613 1116
244 553 413 612 inchoatum
428 549 604 614 781-794
618 553 714 612 fusius
727 552 848 611 tractari
863 557 893 610 et
906 549 1018 610 absolvi
1031 550 1116 610 vidit.¹

106 674 148 684 -
172 637 237 702 615
260 640 447 703 arnndbras
469 638 529 710 00.
552 639 605 700 Μ1.
628 638 725 699 arms
745 639 878 717 pectore,
902 640 978 699 miro
1002 655 1115 718 errore,

105 729 167 789 Lm.
186 728 218 789 B.
231 760 276 771 -
291 725 352 789 631
375 724 469 789 head
484 725 599 808 ipiiar
617 725 679 787 Lm.
698 724 744 787 B.:
766 723 908 788 andiirnn
926 725 985 796 00.
1003 721 1115 787 cadiae

106 816 232 897 absurde
255 815 307 875 Mr.
331 847 373 859 -
391 812 402 895 ΙΙ
420 812 593 877 632-667
611 811 622 890 ΙΙ
640 813 671 873 111
698 815 756 875 dno
783 813 854 894 loci,
877 815 929 891 qni
953 811 1118 874 66111622·

106 900 214 964 -631
239 911 269 963 et
287 900 462 965 668-676
486 901 522 963 ab
541 900 645 963 eodem
663 919 752 962 versu
774 903 952 981 incipientes
975 902 1019 962 ita
1039 899 1115 962 alter

106 991 232 1052 alterum
259 993 395 1071 excipere
423 988 531 1050 debent
558 987 728 1074 610478
753 1007 816 1068 sqq.
840 996 870 1050 et
892 987 958 1051 522
982 989 1045 1067 sqq.
1070 1021 1114 1031 —

107 1076 172 1141 645
194 1079 321 1142 sienni
343 1077 401 1149 00.
424 1073 515 1139 cernei
536 1076 599 1137 Lm.
617 1075 649 1137 B.
666 1077 719 1138 Mr.
743 1109 786 1120 —
810 1073 875 1138 655
898 1095 961 1156 sqq.
983 1073 1116 1138 micanti

107 1160 184 1250 (Lm.
206 1161 274 1248 Mr.)
297 1163 444 1244 saperetis
466 1163 567 1226 canda
582 1181 709 1244 procero
733 1181 855 1243 empore
877 1165 1051 1227 anacam
1072 1160 1117 1226 sit

107 1251 239 1316 deditam:
253 1270 378 1332 procero
396 1269 518 1330 cmpme
533 1254 696 1330 atramqne
709 1251 767 1323 00.
785 1254 952 1331 serpentem
969 1245 1112 1336 (Marull.)

107 1341 208 1403 canda
228 1357 384 1419 epreccro
407 1357 529 1418 empore
549 1338 703 1418 utrinqne
724 1339 786 1400 Lm.
808 1336 945 1402 minanti
965 1337 1115 1419 serpentis

107 1426 208 1490 canda
224 1475 231 1487 .
249 1475 255 1488 .
270 1475 277 1487 .
294 1425 448 1506 atrimqne
474 1426 563 1487 Geeb.
592 1436 704 1505 quaest.
727 1427 844 1491 Lucret.
866 1447 895 1507 p.
918 1424 962 1490 25
981 1474 988 1488 .
1004 1474 1032 1488 ..
1051 1444 1115 1490 ser·

104 1514 206 1595 pentis
224 1513 324 1577 canda
334 1532 463 1594 precere
480 1532 610 1593 empore,
632 1517 795 1594 cananae
812 1515 896 1579 *Mn
916 1515 986 1576 olim
1005 1517 1113 1594 scripsi

107 1601 236 1665 micanti
252 1605 418 1683 serpentem
438 1596 498 1686 (vel
515 1597 698 1687 separas)
713 1601 821 1678 canda,
833 1619 961 1681 procero
978 1599 1122 1682 emperi’-

108 1695 214 1754 annea
243 1691 343 1770 philol.
370 1690 472 1752 XXVII
499 1688 555 1772 50,
583 1692 660 1770 qnod
691 1709 757 1752 cum
784 1689 917 1750 Goebelii
944 1693 1114 1752 coniectura

109 1783 323 1860 contaminans,
346 1786 378 1840 nt
402 1781 466 1859 Ipse
490 1780 543 1860 ait,
566 1778 680 1840 Susam.
702 1775 850 1856 serpentis
865 1795 1029 1857 praeernm
1050 1796 1115 1842 car-

105 1865 193 1945 pari'
225 1869 366 1928 mnncmn
400 1868 484 1946 fecit,
515 1884 701 1945 nequaquam
732 1872 831 1927 tamen
862 1865 1058 1947 confidenter,
1087 1885 1119 1927 v..

108 1953 208 2033 phdel.
225 1953 329 2012 XXVII
347 1952 397 2014 57.
439 1952 563 2013 absolvit
580 1971 645 2014 rem
663 1953 827 2014 Giussanns
843 1950 992 2032 serpentes
1013 1953 1116 2018 canda

106 2057 229 2119 procero
250 2057 372 2118 carpere
393 2042 535 2102 trnnenm
557 2040 700 2121 scribens,
722 2042 742 2102 i.
761 2059 786 2102 e.
810 2042 837 2101 si
859 2044 1006 2121 serpentis
1029 2048 1114 2103 trun-

109 2145 177 2188 cum
199 2129 239 2186 sit
260 2126 377 2186 lihitum
399 2126 558 2206 discidere3
585 2133 724 2188 truncum
749 2128 835 2207 dicit,
856 2146 926 2189 nam
948 2128 1115 2208 66116661·-

109 2214 235 2275 cendum
256 2231 321 2274 asse
341 2212 468 2274 declarat
486 2231 511 2273 v.
531 2209 604 2275 660.
623 2246 665 2256 -
685 2212 747 2276 661
768 2214 942 2279 ardentem
958 2217 996 2278 ai
1009 2233 1115 2280 maren

106 2306 230 2382 premat
245 2301 308 2366 icta
325 2299 465 2379 delerem,
482 2302 582 2381 phssoi.
597 2302 777 2366 1111711432
796 2310 856 2367 not.
875 2303 908 2366 2:
931 2301 1055 2366 ardenti

110 2389 212 2454 dolare
224 2391 282 2463 00.
297 2388 419 2453 ardenti
437 2436 444 2451 .
461 2437 468 2452 .
483 2438 490 2450 .
508 2387 641 2452 dolerem
658 2390 720 2451 Lm.
734 2391 766 2451 Β.
780 2391 833 2453 Μ1.
852 2423 895 2436 -
915 2389 980 2454 670
998 2406 1117 2470 supera

108 2478 180 2539 ante
196 2480 298 2540 actara
315 2480 444 2541 aetatem
460 2480 533 2544 noh.
552 2481 658 2561 Unger.
676 2503 768 2566 saper
785 2489 844 2562 00.
863 2491 929 2554 edd.
948 2495 983 2555 ci.
1002 2493 1113 2560 7326.

108 2571 176 2624 ante
203 2573 266 2626 acta
294 2573 373 2626 aetas
400 2575 447 2628 est
467 2569 541 2631 haec
563 2580 657 2655 aetas,
680 2583 822 2653 quantum
845 2580 910 2641 eins
932 2588 1114 2645 transactum

107 2659 161 2714 est.
184 2686 227 2697 -
251 2652 314 2716 678
338 2653 488 2738 animae,
510 2676 579 2719 nam
605 2662 637 2721 in
664 2661 802 2725 dentibus
826 2660 877 2750 (ci.
900 2686 927 2729 v.
951 2664 1029 2754 686)
1052 2689 1114 2733 non

107 2746 154 2800 est
171 2743 295 2802 animus.
323 2741 424 2805 animi
436 2744 495 2816 00.
511 2747 576 2808 cdd.
591 2781 633 2791 -—
649 2747 713 2811 682
731 2749 830 2815 meere
842 2751 941 2817 solam
954 2751 1112 2843 (ammam)

107 2824 171 2888 683
190 2828 334 2910 cenecnit,
352 2833 387 2892 nt
402 2848 494 2894 sensa
511 2850 620 2914 cerpus
638 2839 739 2900 tanna
756 2841 862 2918 afieet
877 2861 977 2906 omne:
994 2843 1116 2925 afflaret

106 2913 165 2985 00.
183 2913 276 2995 afnai
292 2917 424 2979 scribere
441 2938 530 2982 ausus
549 2940 625 3004 sum,
645 2925 724 3003 quod
747 2935 814 2988 ante
837 2947 885 2990 me
909 2932 1001 2992 scribi
1023 2937 1113 2996 iussIt

105 3001 347 3086 Grassbergerus,
365 3005 402 3067 de
420 3005 537 3069 Lucret.
556 3014 696 3093 carmine,
714 3013 883 3077 Menaehiac
907 3016 989 3081 1856
1011 3039 1040 3101 p.
1059 3019 1112 3085 54.

105 3093 275 3170 scripsisset
303 3093 373 3174 hoc,
401 3096 479 3172 qnod
506 3114 599 3157 unum
625 3107 727 3179 aptum
754 3111 812 3180 est,
839 3104 1057 3191 Lachmannns‚
1084 3113 1113 3171 si

103 3176 192 3238 huius
215 3179 296 3240 modi
318 3184 480 3259 composita
501 3186 534 3244 in
556 3203 613 3246 usu
636 3195 770 3250 veterum
792 3191 884 3253 fuisse
908 3193 1111 3259 demonstrare

102 3273 217 3346 posset,
244 3268 280 3327 ci.
308 3268 344 3327 ad
369 3267 433 3331 685
461 3280 630 3354 cemment3
658 3276 737 3353 quod
768 3281 889 3358 scripsit
921 3285 1027 3346 arceat
1051 3287 1113 3364 ipsi

102 3370 207 3430 parum
233 3353 350 3432 placere
378 3365 507 3434 apparet.
553 3359 643 3422 ahiat
668 3381 787 3424 versum
814 3366 860 3448 B.,
887 3370 960 3429 item
986 3372 1040 3432 Mr.
1067 3405 1111 3416 -

102 3436 166 3501 687
194 3443 321 3504 marens
344 3441 479 3514 00111.
502 3445 568 3523 Brg.
596 3449 696 3526 philol.
723 3450 827 3513 XXVII
854 3453 895 3517 51
920 3475 1113 3536 samareus

101 3525 163 3589 Lm.
195 3527 227 3590 B.
260 3563 302 3575 -
336 3528 400 3594 688
436 3530 541 3596 sabito
576 3534 633 3597 icis
665 3554 683 3598 e
713 3537 869 3619 frapdrns,
901 3543 973 3607 thid.
1001 3544 1114 3612 aeditis
