2438 3998
423 204 706 263 PROLEGOMENA.
1020 208 1072 264 XV

146 348 208 410 lam
230 368 311 429 vero,
334 369 401 410 cum
425 351 496 411 illud
519 353 639 431 quidem
659 361 782 434 constet,
805 353 975 416 Lucretium
995 375 1069 436 opus

55 456 145 498 suum
177 456 238 498 non
271 437 431 498 absolvisse
464 457 560 519 neque
592 442 753 519 perfecisse
787 461 909 522 eamque
940 444 977 504 ob
1006 464 1071 506 rem

54 526 150 586 multa
181 528 214 585 in
246 528 377 586 carmine
409 529 508 588 inesse
541 547 615 607 quae
646 531 854 591 emendaturus
883 535 909 591 si
936 532 1071 595 licuisset

54 615 161 693 luerit,
188 613 340 674 rideamus
369 633 443 693 quae
467 615 587 676 Lucreti
614 617 723 677 editori
750 620 782 678 in
809 626 892 679 textu
915 621 1070 681 formando

55 709 125 762 ante
149 704 248 761 omnia
271 701 318 762 lex
342 704 500 765 sancienda
524 707 571 765 sit.
613 724 720 766 censeo
741 725 811 765 vero
834 708 910 769 hanc
929 726 1004 789 esse,
1028 716 1069 790 ut,

56 808 133 868 quae
161 797 261 870 poeta,
289 798 322 850 ut
349 790 436 851 homo
464 799 494 852 et
521 811 610 853 sanus
639 801 669 852 et
690 793 812 872 Epicuri
835 796 985 858 doctrinae
1009 816 1069 858 non

55 880 180 957 ignarus
207 885 237 938 et
264 896 324 939 non
351 879 495 941 mediocri
522 881 619 959 pulcri
647 899 738 941 sensu
760 884 912 960 praeditus
936 885 1067 946 scribere

55 967 189 1045 potuerit
215 968 312 1044 primo
336 973 371 1026 ut
393 970 433 1027 ita
457 968 553 1028 dicam
576 971 699 1050 impetu,
721 971 874 1031 immutata
898 972 1067 1052 relinquere

55 1073 117 1114 non
145 1053 295 1134 debuerit,
322 1055 451 1115 ieramus
479 1056 568 1134 idque
595 1059 627 1117 in
655 1059 698 1117 eis
727 1060 852 1118 maxime
879 1058 965 1139 locis,
993 1078 1068 1138 quos

57 1157 73 1199 a
114 1140 297 1218 perfectione
338 1144 513 1202 remotiores
554 1159 619 1201 esse
661 1149 789 1220 apparet.
849 1141 926 1220 quod
967 1148 1065 1201 tamen

57 1222 278 1301 Lachmannus,
310 1240 488 1300 quamquam
514 1224 629 1300 primus
657 1226 788 1283 omnium
817 1243 881 1284 rem
908 1227 1069 1304 perspexit,

57 1329 118 1372 non
150 1309 288 1370 omnibus
320 1309 393 1369 locis
426 1313 466 1369 ita
497 1318 531 1370 ut
563 1309 664 1371 debuit
696 1314 830 1372 servavit.
884 1329 944 1371 non
976 1331 1068 1390 pauca

58 1402 137 1460 enim
163 1399 294 1477 mutavit,
318 1400 447 1475 quaein
469 1398 601 1475 perlecto
625 1401 755 1459 carmine
774 1399 899 1460 sortasse
918 1399 991 1460 ferri
1009 1418 1069 1460 non

59 1486 215 1564 debebant,
234 1484 380 1545 debebant
398 1487 430 1545 in
448 1486 629 1564 imperfecto.
668 1493 698 1546 et
715 1489 747 1546 in
766 1506 800 1546 eo
821 1487 940 1565 quidem
959 1507 1068 1565 genere

58 1592 163 1634 omnes
195 1575 366 1633 erravimus.
417 1574 496 1633 idem
527 1592 597 1634 vero
627 1574 785 1634 nonnullos
812 1593 929 1654 versus,
961 1579 1012 1653 qui
1040 1579 1068 1634 ei

58 1681 74 1722 a
97 1661 225 1740 perlecti
247 1663 386 1721 carminis
408 1660 554 1740 elegantia
574 1661 733 1722 abhorrere
752 1661 936 1741 videbantur,
959 1661 1067 1721 additis

58 1748 209 1809 nonnullis
233 1751 361 1830 optimis,
384 1749 457 1809 alios
480 1768 496 1809 a
518 1749 692 1828 philosopho
716 1749 824 1808 lectore
844 1749 917 1809 alios
936 1767 952 1808 a
971 1767 1067 1827 gram-

57 1840 167 1898 matico
195 1837 280 1896 fictos
308 1855 373 1897 esse
403 1837 565 1916 contendit,
598 1855 694 1915 neque
721 1844 820 1897 tamen
850 1839 882 1896 in
910 1855 944 1897 ea
972 1839 1068 1915 suspi-

58 1929 145 1986 cione
169 1942 226 1984 non
251 1932 334 1984 caute
358 1927 506 2003 sogessit
531 1932 562 1984 et
583 1925 742 1984 moderate.
787 1925 839 1984 sed
862 1925 898 1985 ab
921 1926 976 1985 boc
999 1943 1068 2004 pro-

57 2014 131 2074 fecti
152 2011 322 2072 Friderious
345 2011 536 2072 Neumannus
565 2021 594 2073 et
618 2012 739 2074 Carolus
764 2011 918 2074 Gneissius
941 2013 1068 2093 plurima

57 2118 183 2180 prorsus
206 2103 376 2178 incorrupta
399 2107 433 2160 ut
451 2103 552 2179 spuria
570 2103 730 2181 eiecerunt,
753 2109 854 2162 contra
874 2120 949 2180 quos
968 2102 1068 2180 dispu-

57 2191 120 2248 tavi
138 2206 204 2248 ann.
223 2187 339 2248 Lucret.
359 2207 383 2248 a.
404 2185 489 2251 1876
508 2208 536 2267 p.
558 2186 621 2251 186
642 2208 704 2268 sqq.
725 2196 755 2249 et
775 2187 860 2252 1879
879 2209 907 2268 p,
923 2186 985 2250 201
1004 2208 1067 2268 sqq.

57 2274 195 2337 nonnulli
217 2278 248 2335 in
272 2293 306 2334 eo
330 2294 438 2353 genere
462 2278 550 2336 etiam
572 2276 717 2336 Friderici
739 2276 825 2337 Pollii
848 2285 918 2337 sunt
941 2295 1069 2357 errores,

58 2382 135 2442 quos
168 2381 221 2423 suo
249 2381 395 2442 quemque
423 2363 501 2444 loco,
533 2367 560 2423 si
586 2367 662 2424 tanti
688 2365 791 2444 fuerit,
823 2383 839 2424 a
866 2383 913 2425 me
942 2382 1068 2424 comme-

58 2453 172 2511 morari
196 2450 315 2511 ridebis.

149 2539 208 2599 Sed
227 2557 333 2617 operae
351 2544 480 2618 pretium
500 2558 567 2599 esse
585 2547 656 2618 puto
676 2540 712 2599 de
731 2539 787 2599 hoe
806 2558 910 2600 versus
927 2540 962 2599 ad
976 2542 1067 2599 inter-

57 2627 209 2706 polatores
236 2627 386 2688 referendi
411 2627 542 2687 remedio
571 2629 710 2687 universo
739 2626 848 2705 aliquid
873 2628 980 2688 dicere.
1032 2629 1068 2688 de

58 2735 117 2795 qua
144 2734 177 2776 re
202 2715 398 2775 Susemiblius
426 2718 457 2777 in
483 2715 584 2793 philol.
607 2723 627 2775 t.
650 2714 738 2774 XLIV
760 2734 788 2793 p.
814 2712 856 2776 83
884 2717 925 2774 ita
947 2716 1068 2796 iudicat,

58 2811 91 2864 ut
119 2796 199 2864 dicat
229 2821 333 2863 versus
360 2802 396 2863 ab
425 2803 636 2883 interpolatore
665 2803 749 2862 fictos
775 2821 939 2881 perpaucos
968 2810 1068 2864 extare

57 2892 135 2972 apud
155 2890 338 2951 Lucretium:
361 2890 398 2950 ad
420 2890 656 2970 interpolationis
679 2893 770 2968 igitur
789 2893 990 2969 suspicionem
1008 2909 1068 2950 non

57 2978 289 3058 confugiendum
321 2997 386 3038 esse
418 2981 479 3039 nisi
509 2981 563 3058 ita,
595 2980 622 3038 si
653 2978 767 3038 nullum
797 2977 875 3038 aliud
903 2978 1068 3038 remedium

56 3070 185 3147 reperiri
212 3085 300 3145 posse
324 3073 445 3128 constet.
492 3069 540 3127 cui
563 3084 693 3126 summae
718 3067 852 3126 sanitatis
876 3066 985 3126 iudicio
1009 3068 1068 3126 iam

56 3174 122 3216 mea
144 3153 287 3215 nonnulla
310 3153 431 3215 subicio.

145 3243 200 3304 Est
217 3245 249 3303 in
268 3241 432 3323 proverbio,
453 3244 479 3302 si
497 3242 648 3302 hominem
667 3241 766 3301 arbori
785 3242 967 3320 suspendere
986 3241 1068 3322 velis,

56 3333 161 3392 restim
193 3329 279 3391 facile
311 3332 446 3390 inveniri.
497 3330 575 3409 quod
607 3329 712 3390 eodem
743 3330 829 3389 modo
862 3330 899 3389 de
927 3348 1067 3389 versuum

56 3418 295 3481 damnationibus
324 3418 383 3479 dici
410 3424 515 3497 potest.
561 3436 629 3479 nam
656 3416 731 3477 nihil
758 3417 872 3478 facilius
897 3425 942 3478 est
971 3436 1068 3497 quarn,

56 3510 82 3568 si
101 3526 191 3587 quem
209 3524 329 3568 versum
347 3524 443 3584 neque
461 3507 652 3584 interpretari
669 3524 765 3584 neque
785 3505 943 3566 emendare
959 3507 1068 3584 possis,
