2438 3998
130 226 196 291 122
618 223 658 279 IV

201 381 231 435 et
254 375 392 452 quoniam
414 390 474 433 non
497 379 544 433 cst
566 375 651 452 quasi
673 372 752 452 quod
776 371 924 433 suffulciat
946 378 1040 451 artus,
1100 393 1141 433 999

201 461 298 523 debile
321 462 355 522 fit
377 478 498 541 corpus,
521 459 773 540 languescuntque
796 462 894 521 omnia
917 459 1062 539 membra,

201 549 340 611 bracchia
362 548 578 629 palpebraeque
602 549 723 629 cadunt,
746 549 931 628 poplitesque
953 543 1102 627 †cubanti

130 654 187 706 959
200 656 288 717 saepe
311 645 410 699 tamen
433 639 658 699 summittuntur
679 639 810 716 virisque
833 635 991 698 resolvunt.

131 743 183 793 995
202 725 308 787 deinde
331 725 431 787 cibum
454 728 589 805 sequitur
613 743 748 806 somnus,
775 727 858 805 quia,
885 743 959 804 quae
982 725 1052 784 lacit
1074 729 1140 804 aer,

201 814 274 875 haec
296 813 400 875 eadem
422 813 519 895 cibus,
542 816 685 874 invehas
708 814 779 875 dum
802 812 915 875 diditur
937 815 1046 892 omnic,
1100 834 1141 874 955

202 903 301 964 efficit
337 909 368 963 et
389 901 481 963 multo
505 919 594 981 sopor
616 901 666 963 ille
690 903 881 980 gravissimus
904 908 1012 981 exstat,

202 1009 291 1070 quem
314 998 396 1052 satur
418 997 469 1051 aut
489 989 586 1051 lassus
608 992 721 1071 capias,
744 992 812 1069 quia
835 989 961 1069 plurima
984 997 1048 1051 tum
1071 1007 1103 1049 99

131 1095 186 1147 955
202 1097 326 1158 corpora
349 1078 525 1140 conturbant
546 1096 652 1157 magno
675 1085 799 1139 contusa
820 1077 929 1139 labore.

132 1185 184 1234 949
202 1169 236 1229 fit
257 1171 371 1228 ratione
394 1167 497 1241 eadem¹
519 1169 670 1227 coniectus
693 1169 801 1246 partim
824 1168 932 1227 animai
953 1180 956 1187 ’

203 1256 302 1337 altior,
325 1262 412 1333 atque
435 1255 514 1315 loras
537 1256 649 1315 eiectus
673 1255 782 1333 largior
804 1257 882 1334 eius,
1086 1269 1141 1317 ’999

203 1351 234 1405 95
256 1344 378 1403 divisior
400 1345 478 1403 inter
501 1361 533 1403 99
551 1361 586 1403 99
608 1343 777 1403 distractior
799 1346 879 1403 intus

627 1451 644 1488 93

247 1517 285 1580 Et
307 1537 366 1598 quo
389 1520 514 1598 quisque
537 1519 600 1580 lere
623 1519 720 1580 studio
744 1518 897 1580 devinctus
920 1518 1072 1599 adhaeret,

129 1624 190 1676 960
203 1615 254 1669 aut
276 1606 384 1687 quihus
408 1609 439 1668 in
462 1606 552 1668 rebus
575 1607 699 1669 multum
724 1625 826 1668 sumus
850 1614 917 1668 ante
940 1609 1047 1668 morati

132 1713 185 1763 945
204 1704 291 1776 atque
308 1698 345 1756 in
368 1714 403 1756 ea
424 1698 538 1756 ratione
561 1695 618 1757 luit
639 1703 776 1757 contenta
798 1698 892 1775 magis
914 1713 1011 1776 mens,

204 1788 236 1846 in
260 1786 372 1845 somnia
394 1784 497 1845 eadem
519 1783 693 1864 plerumque
716 1783 851 1845 ridemur
873 1783 984 1844 obirez‘
1101 1807 1142 1850 995

204 1873 347 1934 causidici
369 1890 472 1933 causas
495 1890 581 1950 agere
605 1879 636 1933 et
657 1890 833 1951 componere
856 1870 950 1953 leges,

204 1960 430 2040 induperatores
452 1978 584 2040 pugnare
607 1979 640 2022 ac
663 1960 775 2040 proelia
796 1959 893 2041 obire,
988 2033 992 2042 1

134 2067 190 2116 965
205 2057 311 2111 nautae
335 2056 519 2110 contractum
542 2067 610 2110 cum
632 2051 728 2110 ventis
752 2049 860 2128 degere
883 2048 1027 2129 duellum,

132 2152 188 2203 959
205 2156 261 2199 nos
284 2155 371 2216 agere
393 2136 450 2198 hoc
472 2143 571 2198 autem
593 2144 624 2198 et
645 2144 780 2198 naturam
804 2155 946 2216 quaerere
964 2132 1069 2198 'rerum

206 2244 324 2305 semper
346 2232 376 2286 95
397 2227 546 2286 iuventam
568 2227 672 2304 patriis
695 2243 843 2304 exponere
866 2226 984 2286 chartis.
1101 2249 1141 2289 sao

206 2323 304 2375 cetera
328 2316 371 2375 sic
394 2312 490 2374 studia
513 2320 601 2392 atque
624 2320 703 2373 artes
724 2313 899 2393 plerumque
922 2313 1059 2375 ridentur

206 2405 238 2464 in
261 2404 373 2463 somnis
395 2404 509 2462 animos
532 2401 683 2461 hominum
706 2401 846 2462 frustrata
867 2410 977 2462 tenere.

133 2506 191 2559 970
207 2498 237 2552 et
259 2493 437 2571 quicumque
461 2490 524 2550 dies
547 2487 654 2549 multos
676 2508 714 2549 ex
737 2490 841 2550 ordine
863 2488 940 2551 ludis

133 2597 188 2646 955
207 2578 344 2641 adsiduas
367 2578 513 2640 dederunt
535 2595 653 2658 operas,
674 2577 848 2657 plerumque
871 2579 1018 2660 ridemus,

207 2685 275 2730 cum
297 2670 355 2728 iam
378 2667 556 2727 destiterunt
577 2683 612 2725 ea
635 2665 771 2726 sensibus
794 2685 952 2748 usurpare,
1103 2691 1142 2730 eas

206 2756 333 2817 relicuas
355 2762 453 2816 tamen
477 2772 542 2814 esse
565 2755 627 2814 rias
649 2755 682 2814 in
703 2762 802 2815 mente
825 2757 965 2835 patentis,

208 2863 264 2924 qua
288 2846 402 2924 possint
424 2840 526 2902 eadem
548 2859 650 2903 rerum
672 2843 829 2904 simulacra
851 2845 965 2904 venire:

136 2949 191 3001 975
205 2951 259 3013 per
282 2931 389 2992 multos
412 2933 510 3009 itaque
534 2929 583 2990 illa
606 2929 670 2992 dies
693 2931 796 2992 eadem
818 2931 1011 2992 obversantur

138 3028 275 3089 notante
299 3019 414 3100 oculos,
437 3021 526 3080 etiam
548 3019 701 3098 vigilantes
723 3027 758 3081 ut
779 3020 933 3080 rideantur

208 3127 331 3170 cernere
354 3107 487 3168 saltantis
510 3113 540 3167 95
561 3107 661 3168 mollia
683 3108 815 3169 membra
837 3110 995 3189 moventis,
1104 3131 1144 3172 oco

209 3205 239 3260 et
261 3197 390 3257 citharae
412 3194 557 3274 liquidum
580 3215 699 3258 carmen
722 3196 905 3275 chordasque
928 3195 1076 3275 loquentis

208 3284 329 3347 auribus
352 3286 499 3366 accipere,
521 3291 552 3345 95
574 3303 746 3362 consessum
769 3302 892 3345 cernere
915 3285 1041 3345 eundern

32 3442 34 3447 .
137 3393 194 3444 989
208 3375 366 3453 scenaique
390 3373 479 3435 simul
501 3375 598 3434 varios
620 3373 775 3452 splendere
801 3372 932 3433 decores.

138 3482 190 3531 995
208 3481 303 3542 usque
326 3463 398 3524 adeo
422 3463 520 3541 magni
543 3462 634 3522 refert
656 3461 786 3522 studium
809 3468 896 3540 atqie
919 3461 1064 3543 voluptas,

209 3551 369 3643 etquibus
392 3554 423 3612 in
446 3551 535 3612 rebus
559 3551 730 3610 consuerint
752 3567 818 3610 esse
840 3552 954 3629 operati
1107 3570 1147 3612 995
