2438 3998
135 250 179 313 12
630 249 643 302 Ι

207 393 270 476 ipse
292 397 325 456 in
347 413 379 456 se
402 383 519 457 tradere
542 403 572 457 et
594 387 686 475 partis
709 394 873 456 conducere
895 393 927 455 in
940 394 1069 477 Q

250 477 469 565 Quapropter,
492 486 624 563 quamvis
647 483 794 544 causando
817 480 908 543 multa
930 480 1068 564 moreris,

207 576 273 632 0000
295 574 327 633 in
348 570 550 657 rebusinane
572 579 671 631 tamen
693 549 982 632 iatea'renec'essest.

135 669 191 719 400
207 659 355 740 multaque
377 660 530 739 praeterea
551 659 608 720 tibi
629 662 751 740 possum
775 658 1027 720 commemorando
1097 672 1138 713 roo

137 754 189 806 305
208 754 378 827 argumenta
400 747 489 808 fidem
504 747 782 827 dictisconradere
804 749 923 808 nostris.

206 854 309 897 verum
332 838 429 896 animo
452 837 524 896 satis
546 834 619 896 haee
640 837 763 921 vestigia
785 829 873 914 parva
896 833 992 914 sagaci

208 931 289 1005 sunt,
312 942 366 1004 per
388 941 462 1003 quae
484 925 582 1003 possis
605 930 782 1002 cognoscere
804 930 902 984 cetera
924 929 1000 984 tute:

207 1030 334 1091 namque
357 1029 445 1072 canes
466 1018 501 1072 ut
522 1012 705 1090 montivagae
726 1024 869 1097 persaepe
892 1006 1021 1072 ferarum

138 1107 192 1159 405
208 1099 329 1162 naribus
351 1090 505 1160 inveniunt
526 1100 649 1161 intectas
673 1097 776 1159 tronde
798 1101 926 1202 quietes,
1097 1112 1139 1153 roc

139 1196 191 1247 400
209 1182 276 1249 enm
299 1185 391 1248 semel
412 1189 585 1248 institerunt
606 1189 729 1290 vestigio
751 1192 830 1247 certa
854 1188 924 1268 viai,

209 1278 254 1337 sic
276 1275 334 1336 alid
357 1293 394 1336 ex
416 1274 472 1336 alio
494 1283 600 1354 perte
622 1276 716 1336 tute
707 1293 771 1368 rpse
793 1275 892 1335 videre

209 1361 346 1424 talibus‘
338 1381 370 1423 m
391 1362 481 1423 rebus
503 1362 616 1444 poteris
639 1380 799 1442 caecasque
822 1361 947 1423 latebras

209 1446 361 1512 insinuare
384 1453 479 1511 omnis
503 1457 533 1511 et
554 1468 657 1512 verum
677 1449 849 1529 protrahere
872 1449 948 1511 inde.

140 1547 193 1598 410
209 1539 286 1635 quod
310 1540 336 1599 si
368 1541 494 1620 pigraris
522 1515 675 1619 paulumve
698 1540 858 1599 recesseris
880 1526 916 1599 ab
939 1557 986 1620 re,
1098 1554 1142 1594 no

141 1634 192 1685 000
210 1621 267 1698 hoc
288 1626 403 1688 tibie
366 1625 511 1709 (Q)
535 1644 655 1706 possum
677 1628 887 1708 promittere,
885 1586 1016 1688 Memmi·

211 1733 306 1794 usque
329 1715 401 1799 adeo
424 1715 520 1820 largos
542 1716 664 1777 haustus
687 1733 704 1775 e
726 1714 849 1775 fontihu’
870 1717 983 1794 magnis

210 1803 311 1883 lingua
332 1794 399 1863 meo
422 1805 519 1864 suavis
542 1802 597 1864 diti
619 1802 655 1864 dc
678 1806 797 1882 pectore
820 1803 935 1884 tundet,

211 1899 245 1952 ut
267 1909 370 1952 verear
391 1905 429 1953 ne
452 1891 535 1953 tarda
556 1893 639 1972 prius
661 1909 716 1971 per
737 1890 869 1951 membra
891 1850 1028 1952 sedectus

58 2001 60 2006 ·
141 1987 195 2038 415
211 1986 310 2071 serpat
332 1981 391 2039 et'
383 1997 415 2039 rn
437 1979 523 2039 nobis
544 1981 615 2040 vitai
637 1978 762 2040 claustra
785 1977 924 2060 resolvat,
1101 1995 1142 2034 os

142 2077 194 2125 410
213 2063 300 2146 quam
322 2061 378 2126 tihi
401 2065 437 2127 dc
460 2068 561 2145 quavis
583 2084 642 2126 nna
664 2085 697 2127 00
720 2066 854 2128 versibus
872 2066 972 2149 omnis

212 2152 451 2234 argumentorum
474 2156 514 2214 sit
536 2156 619 2234 copia
641 2157 731 2215 missa
752 2173 806 2235 per
828 2157 916 2215 auris.
1039 2161 1040 2166 ’

257 2241 315 2302 Sed
337 2259 416 2302 nunc
440 2247 473 2301 ut
494 2246 625 2321 repetam
636 2249 785 2329 coeptum
806 2230 959 2322 pertexere
983 2236 1083 2324 dictis,

214 2332 309 2393 omnis
331 2331 366 2390 'ut
387 2335 433 2390 est
454 2331 550 2411 igitur
565 2348 620 2410 per
643 2347 674 2391 se
697 2338 801 2391 natura
824 2330 936 2391 duabus

143 2426 203 2478 420
212 2419 307 2480 consti
307 2418 344 2478 tit
365 2415 397 2477 in
419 2416 522 2478 rebus.
543 2436 613 2478 nam
635 2436 758 2496 corpora
781 2425 861 2500 sunt,
884 2425 914 2479 et
913 2421 1035 2506 inane,
1102 2433 1145 2472 00

144 2513 196 2564 415
213 2507 317 2567 0000·
309 2525 340 2566 rn
364 2522 421 2585 quo
445 2506 501 2565 sita
524 2513 593 2567 sunt
615 2513 645 2566 et
656 2524 724 2610 qua
746 2504 861 2567 diversa
883 2498 1044 2567 morentur.

214 2611 321 2673 corpus
344 2596 423 2654 enim
445 2611 499 2698 per
521 2592 554 2654 00
576 2588 741 2655 communis
744 2577 879 2655 dedicat
901 2612 966 2655 esse

214 2699 358 2764 sensus3
355 2684 404 2743 cui
425 2683 485 2743 nisi
506 2684 602 2762 prima
624 2682 698 2743 fides
720 2681 839 2760 fundata
860 2681 980 2763 valebit,

190 2769 285 2830 haut
306 2761 364 2829 erit
386 2768 508 2831 occultis
531 2770 568 2831 de
590 2769 680 2831 rebus
702 2784 760 2849 quo
783 2752 945 2855 referentes

143 2865 200 2917 425
214 2857 387 2918 confirmare
410 2860 500 2918 animi
523 2860 678 2938 quicquam
701 2860 814 2919 ratione
837 2846 987 2961 queamus
1103 2873 1146 2912 ⁴2⁵

144 2953 196 3003 400
214 2952 277 3006 tnm
299 2962 389 3024 porro
412 2944 494 3006 locus
517 2965 550 3007 ac
573 2949 713 3027 spatium,
736 2946 912 3027 quo'd'
835 2964 923 3007 rnane
945 2964 1095 3028 vocamus,

215 3035 241 3094 si
263 3032 376 3093 nullum
398 3033 487 3115 foret,
509 3034 580 3095 haut
601 3051 725 3113 usquam
748 3036 804 3095 sita
826 3052 949 3114 corpora
971 2994 1095 3114 possent

215 3139 280 3181 esse
302 3139 400 3200 neque
423 3123 541 3182 omnino
565 3140 741 3213 quaquam
733 3122 848 3188 diversa
871 3139 982 3203 meare3

215 3209 246 3270 id
269 3207 378 3288 quod·
370 3227 428 3269 ram
451 3227 557 3289 supera
579 3211 635 3271 tihi
655 3186 742 3313 paulo
766 3209 948 3271 ostendimus
970 3217 1046 3271 ante.

144 3305 199 3356 430
215 3298 368 3377 praeterea
390 3296 433 3356 nil
456 3297 601 3377 estquod
624 3300 721 3377 possis
744 3297 842 3359 dicere
866 3294 942 3359 ab
925 3286 1005 3359 omni
1106 3312 1148 3352 ⁴⁸⁰

144 3394 197 3443 tao
216 3402 339 3464 corpore
363 3384 530 3447 seiunctum
553 3392 774 3471 secretumque
780 3404 846 3469 0000
869 3386 1022 3467 ahjnani,

217 3474 294 3553 quod
314 3474 399 3552 quasi
421 3475 508 3534 tertia
531 3475 570 3533 sit
591 3490 714 3534 numero
736 3462 841 3535 natura
862 3484 987 3553 reperta

215 3581 284 3624 nam
311 3562 518 3642 quodcumque
544 3562 615 3642 crit,
642 3578 707 3621 esse
735 3561 832 3641 aliquo
855 3554 975 3623 debebit
996 3562 1148 3642 idipsum
