2438 3998
541 270 579 324 Vl

60 415 278 502 935principio
301 415 335 476 fit
356 422 389 476 ut
411 419 443 477 in
467 416 617 495 speluncis
640 435 709 477 saxa
731 436 858 496 superne

132 502 240 562 sudent
261 521 364 563 umore
388 510 427 571 et,
441 507 532 583 guttis
556 505 736 565 manantibu'
760 505 879 567 stillent.
987 510 992 525 ¹

132 598 231 652 manat
253 593 325 653 item
346 591 433 652 uobis
456 611 472 652 5
498 600 558 654 5555
582 611 705 672 corpore
730 595 834 674 sudor,

59 684 115 737 955
132 681 240 740 crescit
257 679 356 760 barba,
373 680 486 759 pilique
505 699 559 760 per
578 683 674 741 omnia
693 681 833 762 membra,
852 701 905 761 per
924 691 1070 747 artusiae

132 767 244 827 diditur
266 770 297 828 in
319 787 409 829 venas
433 769 516 830 cibus
540 772 649 850 omnis,
672 778 759 849 anget
782 770 890 848 alitque

59 871 113 920 940
133 858 266 934 corporis
290 864 435 917 extremas
459 876 575 937 qnoque
599 860 692 936 partis
715 859 958 936 unguiculosque.

131 936 141 1026 ll
154 945 248 1022 lrigus
271 946 343 1004 item
365 948 493 1006 transire
516 964 571 1024 per
594 964 657 1026 aes,
681 946 866 1024 calidumque
889 966 1040 1028 vaporem,

133 1035 291 1113 sentimus,
316 1035 461 1097 sentimus
485 1036 556 1094 item
578 1037 706 1095 transire
729 1053 783 1113 per
806 1053 910 1094 aurum

58 1127 219 1200 ematque
242 1139 296 1199 per
319 1128 482 1202 argentum,
506 1140 573 1182 cum
595 1122 701 1201 pocula
721 1122 808 1201 plena
826 1130 969 1184 tenemus.
988 1121 999 1202 tl
1030 1145 1069 1186 555

133 1209 259 1288 denique
283 1228 337 1287 per
360 1209 490 1289 dissepta
513 1211 667 1271 domorum
690 1229 777 1271 saxea
800 1229 886 1272 voces

59 1297 322 1378 supervolitant,
344 1306 497 1376 permanat
520 1299 593 1359 odor
615 1300 767 1378 frigusque
790 1318 938 1378 vaposque

132 1388 222 1466 ignis,
246 1388 298 1464 qui
320 1385 393 1447 ferri
416 1405 533 1465 quoque
556 1390 616 1447 vim
638 1395 794 1466 penetrare
818 1391 922 1451 suevit

133 1474 260 1552 deniqne
284 1493 341 1553 qua
365 1477 477 1535 circum
501 1475 573 1535 caeli
597 1475 688 1537 lorica
711 1482 829 1538 coercet

555 1583 572 1620 *

58 1657 116 1709 955
132 1650 266 1711 morbida
288 1652 391 1730 risque
416 1651 517 1732 simul,
540 1670 608 1712 cum
631 1655 815 1713 extrinsecus
838 1655 1014 1732 insinuatur,
1029 1673 1067 1715 555

557 1759 575 1797 ss

133 1845 149 1887 e
171 1834 347 1906 tempestate
370 1830 504 1888 interra
528 1827 668 1906 caeloque
691 1835 832 1908 coortast,

59 1931 114 1983 950
133 1917 164 1975 in
187 1916 300 1976 caelum
322 1923 476 1995 terrasque
499 1923 627 1976 remotas
651 1919 715 1976 iure
739 1917 870 1994 lacessit3

133 2003 370 2083 quandoquidem
393 2003 435 2064 nil
457 2011 503 2064 est
525 2007 584 2064 nisi
606 2022 705 2065 rarum
730 2022 852 2083 corpore
876 2023 991 2065 nexum.

175 2091 240 2155 Huc
262 2091 375 2153 accedit
396 2094 441 2152 uti
463 2110 523 2153 non
546 2095 657 2172 omnia,
680 2111 754 2171 quae
778 2095 926 2154 iaciuntur

58 2189 117 2239 960
134 2198 257 2260 corpora
280 2198 405 2258 cumque
430 2180 465 2240 ab
488 2180 591 2261 rebus,
615 2181 719 2241 eodem
741 2181 874 2259 praedita
897 2199 986 2243 sensu
1028 2204 1068 2245 555

133 2276 219 2349 atque
243 2269 348 2329 eodem
369 2276 454 2347 pacto
477 2269 567 2330 rebus
592 2271 652 2330 sint
675 2269 811 2331 omnibus
834 2276 908 2348 apta.

59 2373 113 2424 955
132 2359 278 2437 principio
300 2363 411 2417 terram
435 2357 479 2418 sol
502 2359 640 2437 excoquit
662 2365 693 2418 et
715 2358 785 2418 iacit
807 2377 871 2439 are,

133 2452 162 2506 at
184 2444 307 2524 glaciem
331 2444 464 2505 dissolvit
487 2453 517 2507 55
539 2446 605 2507 altis
627 2446 778 2510 montibus
801 2447 873 2508 altas

132 2540 339 2612 extructasque
362 2535 445 2594 nives
468 2534 559 2594 radiis
581 2534 734 2597 tabescere
758 2538 848 2614 cogit:

58 2629 115 2682 965
133 2622 259 2700 denique
283 2640 351 2683 cere
373 2621 487 2701 liquefit
509 2624 540 2683 in
563 2625 627 2683 eius
649 2630 734 2702 posta
756 2642 871 2702 vapore.
962 2643 967 2655 ·
1028 2645 1067 2686 555

132 2713 209 2789 ignis
231 2713 304 2771 item
326 2710 471 2790 liquidum
494 2710 564 2772 lacit
586 2729 636 2772 aes
660 2730 822 2791 aurumque
845 2712 978 2792 resolvit,

58 2817 113 2867 950
132 2806 161 2860 55
184 2801 263 2860 coria
286 2805 316 2859 et
339 2817 458 2860 earnem
480 2799 570 2860 trahit
592 2807 623 2860 55
645 2800 783 2860 conducit
806 2803 837 2860 in
859 2818 959 2860 unum.

131 2906 217 2949 umor
240 2905 332 2966 aquae
354 2905 444 2966 porro
467 2887 579 2947 ferrum
602 2888 745 2948 condurat
768 2887 803 2947 ab
827 2890 901 2967 igni,

131 2983 160 3036 at
183 2978 263 3037 coria
286 2982 316 3036 ct
339 2993 458 3040 carnem
480 2975 576 3036 mollit
599 2975 702 3037 durata
725 2975 830 3036 calore.

57 3072 117 3124 970
131 3063 302 3142 barbigeras
326 3063 452 3124 oleaster
474 3082 510 3125 eo
533 3066 729 3144 iuratusque
753 3063 893 3143 capellas,
1027 3087 1067 3127 oio

131 3151 231 3213 affluat
254 3151 399 3213 ambrosia
423 3155 507 3232 quasi
530 3170 612 3231 vero,
636 3159 666 3212 et
689 3159 806 3213 nectare
829 3154 952 3232 tinctus3

58 3257 111 3306 aea
131 3258 188 3320 qua
210 3239 253 3301 nil
275 3247 322 3303 est
343 3240 456 3300 homini
479 3240 555 3319 quod
580 3240 700 3301 amariu’
723 3240 858 3302 frondeat
880 3259 955 3301 esca.

130 3329 258 3408 denique
282 3331 480 3391 amaracinum
503 3329 608 3407 fugitat
631 3347 682 3389 sus
705 3336 736 3390 et
757 3331 843 3391 timet
865 3347 951 3389 omne

129 3424 305 3495 ungentum:
328 3435 395 3477 nam
419 3418 573 3495 saetigeris
597 3416 688 3477 subus
712 3435 779 3479 acre
802 3425 989 3497 venennmst3

55 3513 114 3566 975
130 3505 208 3585 quod
231 3523 286 3566 nos
309 3506 458 3566 interdum
480 3512 629 3583 tamquam
652 3523 788 3570 recreare
811 3507 935 3567 videtur.
1025 3528 1065 3571 555

130 3601 160 3655 55
182 3601 284 3654 contra
306 3593 391 3654 nobis
415 3611 539 3654 caenum
562 3594 731 3653 taeterrima
754 3612 820 3654 cnm
845 3596 883 3653 sit
