2438 3998
604 237 632 319 q

182 404 220 447 ne
242 404 292 447 res
315 384 352 446 ad
375 384 469 446 nilum
492 385 664 463 redigantur
686 383 819 445 funditus
846 402 961 445 omncs:

112 492 250 541 75011111
274 472 480 553 quodcumque
504 475 567 533 suis
590 479 735 534 mutatum
757 472 866 533 finibus
890 475 962 552 enit,

183 565 323 623 continuo
346 561 402 621 1100
427 579 509 621 mors
532 568 578 621 est
600 560 681 622 illius
704 560 782 640 quod
805 560 862 622 luit
884 567 960 621 ante.

111 667 166 719 755
180 651 304 729 proinde
328 649 427 709 colore
450 666 519 709 cave
543 651 696 727 contingas
719 651 832 709 semina
854 666 969 730 rernm,
1081 659 1120 703 too

182 756 220 799 ne
242 738 299 798 tibi
321 755 370 797 res
392 737 515 797 redeant
537 736 574 797 ad
597 737 691 797 nilum
713 736 846 797 funditus
869 754 979 798 omnes.

227 826 383 886 Praeterea
406 827 433 885 si
454 824 535 886 nulla
558 824 666 885 coloris
688 826 844 904 principiis
868 832 914 884 est

113 931 165 982 755
183 915 298 975 reddita
321 920 426 974 natura
448 919 479 974 11
500 915 589 973 variis
613 919 683 974 sunt
704 912 837 992 praedita
858 912 976 992 formis,

183 1021 200 1063 e
223 1002 331 1081 quibus
355 1019 442 1062 omne
465 1019 558 1080 genus
581 1003 707 1080 gignunt
728 1002 900 1079 variantque
923 999 1037 1061 colores

112 1105 168 1157 760
181 1098 352 1170 propterea,
374 1092 474 1167 magni
497 1089 575 1169 quod
597 1089 691 1150 refert
713 1091 825 1150 semina
849 1107 982 1167 quaeque
1007 1130 1009 1136 -
1080 1101 1120 1142 roo

184 1196 251 1239 cum
275 1177 382 1257 quibus
406 1184 436 1238 et
458 1177 538 1256 quali
560 1179 693 1256 positura
716 1179 923 1238 contineantur

184 1272 214 1327 11
236 1284 310 1345 quos
333 1268 413 1325 inter
436 1282 468 1325 se
491 1264 562 1326 dent
584 1271 683 1325 motus
705 1267 946 1344 accipiantque‚·

114 1370 166 1419 710
183 1354 323 1433 perfacile
347 1353 493 1432 extemplo
516 1355 662 1414 rationem
684 1352 809 1414 reddere
832 1355 943 1433 possis,

185 1460 239 1503 cur
261 1460 296 1503 ea
319 1458 394 1520 quae
417 1443 502 1519 nigro
524 1440 637 1502 fuerint
657 1440 744 1520 paulo
768 1447 835 1502 1011
858 1440 969 1521 colore,

113 1546 168 1598 765
184 1547 350 1590 marmoreo
373 1530 439 1589 fieri
461 1531 578 1608 possint
600 1529 727 1590 candore
750 1536 884 1609 repente3
1082 1539 1120 1581 ⁷⁶⁵

184 1624 218 1679 ut
239 1636 335 1699 mare,
358 1634 426 1678 cum
448 1619 548 1696 magni
570 1625 757 1678 commorunt
778 1634 906 1695 aequora
930 1618 1021 1695 venti,

184 1708 309 1767 vertitur
332 1708 363 1765 in
387 1723 476 1765 011101
499 1704 637 1766 candenti
659 1723 805 1765 marmore
828 1705 949 1764 lluctus:

115 1795 284 1861 7051110111
308 1795 388 1853 enim
410 1795 521 1874 possis,
543 1796 662 1872 nigrum
685 1792 763 1872 quod
787 1810 874 1871 saepe
896 1790 1043 1873 videmus,

182 1883 324 1959 ‘materies
346 1880 399 1942 ubi
421 1883 566 1960 permixta
588 1887 634 1941 est
656 1880 736 1941 illins
759 1879 884 1941 1101110

114 1986 170 2037 770
183 1971 339 2048 principiis
361 1975 491 2030 mutatus
514 1978 544 2030 et
566 1968 663 2029 addita
687 1969 862 2048 demptaque
886 1967 1043 2049 quaedam,
1081 1980 1121 2020 ⁷³⁰

185 2059 324 2117 continuo
347 2056 378 2117 id
401 2057 468 2117 fieri
488 2063 523 2118 ut
545 2057 674 2118 candens
696 2056 830 2118 videatur
852 2063 882 2116 et
905 2055 1011 2116 album.

185 2144 263 2224 quod
286 2147 313 2204 si
335 2144 479 2206 caeruleis
502 2151 672 2206 constarent
694 2163 821 2224 aequora
844 2147 928 2224 ponti

115 2249 167 2300 770
186 2231 363 2314 seminibus,
385 2231 465 2293 nullo
488 2240 611 2311 possent
632 2233 783 2294 albescere
805 2241 904 2313 pacto:

185 2339 255 2382 nam
277 2338 463 2400 quocumque
486 2319 573 2381 modo
597 2321 753 2400 perturbes
775 2320 893 2382 caerula
915 2337 989 2398 quae
1013 2322 1085 2399 sint,

114 2425 170 2477 775
186 2427 347 2488 numquam
369 2411 401 2469 in
422 2426 622 2469 marmoreum
641 2416 765 2488 possunt
784 2412 912 2488 migrare
931 2407 1121 2469 0010111110

186 2500 233 2558 sin
256 2496 313 2557 alio
336 2503 423 2575 atque
447 2496 504 2557 alio
527 2504 596 2557 sunt
619 2500 732 2558 semina
754 2500 846 2558 tincta
868 2496 979 2577 colore,

187 2603 261 2664 quae
284 2587 376 2645 maris
398 2585 532 2647 efficiunt
553 2604 646 2646 unum
668 2604 835 2665 purumque
856 2586 997 2666 nitorem,

116 2687 167 2738 775
185 2680 220 2734 ut
241 2691 329 2751 saepe
352 2691 389 2733 ex
411 2673 476 2734 aliis
500 2674 603 2734 formis
626 2676 774 2753 variisque
797 2675 900 2752 liguris

186 2761 314 2821 ellicitur
336 2761 476 2840 quiddam
499 2761 674 2840 quadratum
696 2779 813 2841 unaque
836 2762 944 2840 figura,

116 2861 173 2913 780
186 2847 391 2929 conveniebat,
414 2851 501 2909 utin
524 2849 666 2928 quadrato
689 2852 839 2910 cernimus
862 2867 927 2910 esse
1082 2863 1122 2902 too

186 2935 346 2997 dissimiles
369 2937 491 3016 formas,
513 2938 554 2997 ita
577 2955 700 2998 cernere
723 2940 755 2998 iu
777 2955 904 3017 aequore
926 2938 1009 3016 ponti

186 3033 237 3085 aut
258 3023 315 3084 alio
338 3026 370 3085 in
393 3026 497 3103 quovis
520 3042 579 3085 nno
602 3043 737 3104 puroque
759 3027 855 3086 nitore

115 3126 168 3176 780
186 3111 346 3173 dissimiles
368 3111 454 3190 longe
477 3114 556 3172 iuter
579 3130 611 3173 se
634 3115 790 3192 variosque
813 3112 935 3174 colores.

185 3207 339 3279 praeterea
360 3200 404 3260 nil
426 3200 560 3261 officiunt
583 3200 759 3280 obstantque
781 3201 892 3279 figurae

114 3301 171 3355 785
185 3287 359 3369 dissimiles,
383 3306 441 3367 quo
464 3288 640 3367 quadratum
661 3291 760 3349 minus
783 3306 869 3348 omne
893 3289 933 3348 sit
955 3294 1051 3367 extra,
1083 3300 1125 3353 181

186 3381 216 3435 11
237 3378 312 3436 varii
333 3393 435 3437 rernm
457 3375 614 3454 inpediunt
635 3375 852 3455 prohibentque
876 3373 1004 3457 colores,

185 3481 244 3543 quo
267 3465 366 3524 miuus
389 3482 456 3525 esse
479 3481 539 3524 nno
562 3466 657 3543 possit
680 3483 729 3525 res
751 3471 811 3525 tota
835 3466 940 3524 nitore.

611 3571 629 3610 11
