2438 3998
448 209 729 268 PROLEGOMENA.
994 214 1097 270 XLVII

83 355 147 428 00.
170 374 276 434 amaa,
300 359 365 418 siue
389 358 522 438 exemplo
541 358 726 442 Lucretiano,
749 369 783 422 ut
803 360 850 422 bis
869 360 974 424 omnia
992 362 1096 443 dissyl-

84 443 196 526 labum,
214 444 291 506 Lm:
314 443 498 525 discerpitur
513 463 595 510 asa
607 465 753 528 prrpara
770 449 801 510 Β.
820 483 865 494 -
883 449 947 513 828
968 449 1096 537 distros

82 535 206 596 amnst
232 533 295 605 00:
328 532 504 597 distractast
531 535 593 596 Lm.
619 535 651 597 Β.
683 572 728 581 -
759 535 964 619 disperditur,
995 539 1095 618 philol.

82 621 165 684 XXV
184 621 239 685 72ε
262 620 447 703 disperpitar
469 623 531 684 Lm.
555 623 586 685 B.
604 623 657 685 Mr.
681 660 726 669 —
748 623 811 688 843
828 626 1014 706 proprisam
1036 626 1095 698 OQ.
1118 686 1120 703 ζ

84 710 178 772 Goeb.
204 719 315 789 quaest.
342 731 370 791 p.
396 708 450 773 14:
482 712 535 772 Mr.
552 711 682 792 proprio
704 713 766 774 Lm.
788 715 821 774 B.
845 716 909 775 siue
933 735 1028 777 causa.
1051 749 1097 760 -

84 796 153 863 847
186 797 289 878 qaoad
317 796 386 862 lieet
415 817 452 862 oo
475 801 594 880 possis
624 800 682 872 00.
709 801 762 862 Mr.
788 800 873 882 potis
904 821 935 866 es
963 804 1025 865 Lm.
1053 803 1096 884 B,

85 891 174 969 quasi
196 888 333 949 Memmio
356 888 412 949 hoc
435 889 605 969 suadeatur,
628 907 688 949 uou
710 889 844 970 cuilibet,
869 895 920 969 qui
942 891 1000 952 tale
1024 892 1094 972 quid

84 978 185 1039 lacere
217 978 360 1038 instituat.
410 976 514 1037 eodem
546 977 633 1037 modo
664 985 767 1056 peccat
795 977 857 1038 Lm.
887 978 923 1039 Vl
952 978 1022 1041 792.
1052 1008 1098 1023 -e

84 1063 153 1130 856
181 1082 260 1145 qaae
286 1063 455 1141 comitant,
486 1064 586 1144 philol.
614 1064 690 1126 XXV
717 1063 758 1128 73
786 1085 828 1146 sq.
856 1084 925 1128 ram
950 1065 997 1128 ita
1022 1071 1098 1129 sant

83 1154 147 1227 OQ.
179 1153 243 1215 edd.
275 1187 320 1198 -
351 1151 415 1216 889
444 1172 486 1233 sq.
518 1171 711 1233 qaaecumque
745 1156 850 1239 creant
878 1171 928 1217 res
957 1152 1094 1231 sensilia,

83 1239 240 1321 ooemnrpto
263 1236 293 1325 (e
315 1238 424 1320 ternpto
447 1240 480 1322 0,
502 1243 533 1303 et
553 1239 660 1320 tempto
683 1236 731 1325 Q).
762 1262 843 1323 anu.
867 1243 982 1305 Lucret.
1007 1241 1092 1306 1881

82 1352 112 1413 p.
141 1329 212 1393 176.
257 1331 363 1392 noant
386 1346 436 1391 res
456 1325 579 1405 saisita,
605 1332 635 1391 et
659 1328 804 1411 extempio
828 1331 953 1411 Nauger.
975 1332 1038 1392 Lm.
1060 1332 1093 1394 B.

82 1421 140 1481 ΜΓ.
170 1453 208 1464 -
239 1416 303 1482 899
332 1437 394 1498 sqq.
423 1418 459 1478 cf.
486 1437 514 1496 p.
542 1417 619 1478 XXV
646 1437 688 1498 sq.
711 1453 756 1464 —
779 1417 848 1481 902Ι
872 1437 950 1500 qaae
976 1426 1094 1484 mnata

82 1506 224 1572 adamis
245 1506 308 1567 Lm.
327 1505 358 1566 Β.
382 1523 460 1585 qaae
481 1524 607 1586 eamque
624 1506 692 1588 OQ,
718 1509 769 1568 sed
792 1527 852 1569 non
875 1512 972 1569 omnia
995 1509 1093 1568 mollia
1201 1534 1206 1542 ·

83 1596 207 1658 sensilia
239 1603 315 1656 sunt.
365 1611 443 1673 qaae
473 1593 580 1674 oaiqae
606 1595 658 1655 Mr.
686 1629 730 1639 -
757 1593 821 1658 908
852 1614 984 1675 normam
1014 1593 1094 1657 aiios

83 1684 221 1768 †sorisrs
235 1691 304 1745 etc:
322 1686 394 1743 item
408 1682 579 1744 Giussanus
599 1686 695 1743 varios
709 1683 767 1744 loci
781 1684 955 1744 emendandi
970 1692 1091 1744 conatus
1124 1736 1128 1742 .

83 1793 190 1836 omnes
207 1791 313 1853 parum
326 1771 427 1833 felices
445 1791 471 1832 v.
485 1772 561 1850 apud
576 1771 700 1832 Polliam
714 1774 745 1831 iu
758 1771 858 1850 philol.
873 1771 949 1831 XXV
963 1768 1035 1831 324.
1048 1805 1092 1814 -

84 1860 151 1925 923
169 1869 238 1941 post
256 1857 318 1922 911
336 1854 417 1944 (914
430 1855 518 1947 Lm).
537 1859 569 1920 Β.
588 1859 624 1920 cf.
648 1878 713 1919 aun.
732 1858 802 1938 phil.
819 1856 904 1922 1875
917 1879 945 1938 p.
960 1857 1023 1922 621
1040 1878 1092 1941 sq,

82 1951 139 2013 uhi
179 1952 205 2010 si
245 1967 347 2009 verum
388 1947 461 2028 vidi,
499 1967 558 2009 non
599 1955 645 2009 est
681 1966 734 2008 our
770 1967 803 2008 ea
839 1948 981 2028 refutem,
1017 1967 1092 2028 quae

82 2037 186 2119 philol.
226 2036 304 2097 XXV
340 2034 382 2098 79
419 2055 461 2115 sq.
498 2043 528 2097 et
564 2037 676 2097 Susam.
714 2043 744 2096 et
779 2054 832 2114 ego
869 2037 1091 2116 disputavimus.

82 2161 131 2172 -
158 2123 222 2187 919
253 2126 411 2204 marani
440 2122 512 2204 00,
549 2126 575 2184 si
601 2124 766 2203 periculum
797 2125 917 2185 faciant:
955 2121 1016 2186 οὐκ
1050 2121 1092 2187 dr

84 2213 259 2277 dioscoro:
284 2213 332 2273 hic
363 2212 474 2273 nodum
500 2214 531 2299 iu
559 2215 670 2293 scirpo,
697 2220 731 2273 ut
758 2215 852 2294 aiunt,
885 2216 1092 2292 quaesivemnt

83 2303 252 2366 doctissimi
282 2304 351 2382 viri3
385 2301 519 2362 scribunt
550 2303 629 2361 euim
654 2300 716 2361 Lm.
750 2308 779 2361 et
805 2300 837 2361 B.
863 2303 1020 2380 nequeant.
1048 2334 1092 2344 —

83 2389 151 2455 923
187 2387 332 2454 uidimus
370 2388 469 2450 Purm.
509 2407 574 2449 auu.
610 2388 709 2468 philol.
747 2385 830 2450 1877
868 2408 896 2467 p.
929 2386 1005 2468 2763
1046 2391 1091 2448 iu-

83 2489 213 2543 certum:
241 2475 381 2558 fapimns
408 2476 466 2548 00.
489 2476 550 2537 Lm.
574 2476 605 2537 B.
632 2495 690 2555 qao
714 2475 853 2557 sapimus
880 2479 951 2539 anto
972 2475 1025 2537 ΜΓ.
1048 2508 1092 2518 --

84 2567 150 2631 927
177 2583 290 2630 sensas
317 2565 375 2636 00.
398 2565 474 2626 Lm:
500 2581 623 2627 sensam
649 2564 680 2625 B.
707 2599 744 2608 -
771 2562 836 2626 930
862 2580 926 2644 quo
947 2562 1094 2644 proditor

82 2658 185 2732 erma,
207 2654 308 2736 philol.
332 2653 408 2715 XXV
430 2652 485 2716 86:
512 2651 594 2733 qaod
611 2651 772 2732 proditam
798 2655 885 2715 eada
907 2652 965 2724 OQ.
989 2650 1094 2731 atiquo

82 2748 245 2823 mrnqaom
256 2739 369 2824 parta)
387 2740 468 2821 qaod
477 2739 622 2820 protinas
640 2743 718 2803 extet
728 2740 789 2801 Lm.
805 2788 812 2801 .
828 2789 834 2801 .
850 2788 856 2800 .
893 2739 975 2821 qaod
984 2739 1092 2820 prodi-

82 2837 136 2896 tm
160 2834 249 2895 orta
274 2831 306 2892 Β.
329 2828 411 2911 qaod
429 2828 573 2910 proditas
600 2831 678 2891 extet
701 2830 753 2890 Mr.
777 2862 819 2872 —
843 2827 908 2890 933
935 2827 1002 2891 sine
1024 2847 1093 2891 oon-

82 2918 194 2985 adiata
213 2919 271 2991 00.
291 2920 368 3000 edd.;
392 2922 432 2979 ita
451 2918 523 2979 ferri
540 2925 638 2997 potest
655 2924 689 2978 ut
706 2919 745 2978 sit
762 2935 825 2979 non
843 2919 913 2978 ante
931 2914 1093 2979 conciliato

80 3009 175 3092 farto,
194 3027 370 3088 quamquam
389 3006 521 3068 Goebelii
539 3004 603 3068 nisi
620 3003 814 3068 conciliatam
832 3006 951 3086 arridet,
972 3005 1007 3065 ci.
1027 3007 1093 3066 eius

82 3105 198 3179 quaest.
212 3096 328 3158 Lucret.
342 3116 370 3177 p.
387 3092 437 3157 15.
452 3128 494 3138 -
512 3091 524 3175 ΙΙ
542 3091 716 3156 934-940
732 3091 743 3174 ΙΙ
760 3096 792 3155 in
804 3094 852 3154 his
865 3093 1000 3154 versibus
1014 3095 1093 3154 inest

81 3188 190 3268 petitio
213 3187 354 3265 principii
376 3190 463 3262 quam
486 3183 595 3244 dicunt.
631 3191 702 3263 puto
721 3182 891 3244 Lucretium
913 3182 967 3241 hos
988 3200 1092 3243 versus

81 3277 293 3336 damnaturum
320 3274 425 3353 fuisse,
454 3274 479 3332 si
501 3274 559 3332 vita
582 3278 759 3350 superesset.
784 3304 825 3314 —
850 3268 911 3331 937
936 3276 1095 3347 terraque

81 3360 195 3426 omia
216 3361 274 3433 OQ.
292 3361 359 3422 Mu:
382 3357 545 3438 aethraqm
567 3357 676 3421 creatis
693 3359 805 3420 Marull.
824 3359 886 3419 Lm.
904 3357 936 3418 Β.
962 3389 1002 3400 —
1027 3355 1092 3419 938

81 3450 173 3514 modo
189 3446 285 3513 vitati
299 3449 388 3511 Goeb.
403 3456 514 3529 quaest.
528 3447 644 3509 Lucret.
659 3467 686 3527 p.
703 3445 753 3509 17.
776 3447 871 3507 erm.
885 3445 972 3508 modo
986 3441 1092 3507 vitatis

82 3540 144 3612 OQ.
169 3539 234 3601 edd.
259 3573 301 3584 -
325 3536 389 3600 939
413 3556 455 3617 sq.
480 3534 782 3599 ...mnnitnentes
806 3573 839 3593 ··
863 3550 995 3596 .sensas
1021 3529 1092 3593 oni·
