2438 3998
538 260 577 315 IV
1002 262 1064 325 111

59 426 111 475 530
131 415 161 468 et
183 406 289 486 gelidis
313 410 398 486 cycni
419 415 506 468 nocte
529 411 590 468 oris
613 427 649 469 ex
672 408 820 470 Heliconis
1026 431 1070 471 ses

59 512 115 565 546
131 514 198 556 cum
221 495 363 574 liquidam
385 495 493 557 tollunt
514 495 634 575 lugubri
656 515 727 559 voce
750 495 948 577 querellamss

174 583 268 644 Hasce
291 586 382 662 igitur
404 587 523 664 penitus
545 603 632 646 voces
655 603 722 646 cum
745 604 868 666 corpore
891 592 992 647 nostro

131 675 324 751 exprimimus
347 680 486 752 rectoque
509 673 588 733 foras
611 675 774 734 emittimus
796 692 861 755 ore,

131 760 249 821 mobilis
272 760 407 821 articulat
428 759 587 821 verborum
609 760 730 822 daedala
752 760 863 843 lingua,

60 866 112 916 535
132 850 349 928 formaturaque
372 849 523 910 labrorum
545 867 599 928 pro
622 857 705 928 parte
727 850 841 928 figurat.
1026 871 1070 912 550

59 938 187 1006 551hoc
210 936 262 998 ubi
285 955 344 998 non
366 937 486 1016 longum
509 940 666 1017 spatiumst
687 937 766 999 unde
784 938 834 1000 illa
855 941 987 1019 prolecta

131 1027 282 1105 perveniat
304 1043 377 1107 vor,
400 1043 533 1105 quaeque
553 1032 705 1086 necessest
726 1025 815 1090 verba
838 1044 955 1105 quoque
978 1028 1042 1105 ipsa

131 1113 216 1193 plane
240 1113 373 1174 exaudiri
397 1114 585 1192 discernique
608 1113 797 1174 articulatim:
1028 1135 1069 1176 555

132 1208 228 1262 servat
251 1204 330 1262 enim
352 1202 543 1262 formaturam
567 1210 721 1281 servatque
743 1202 875 1280 figuram.

61 1307 112 1356 540
132 1297 162 1351 at
184 1292 212 1350 si
233 1292 442 1368 interpositum
465 1292 592 1369 spatium
615 1293 655 1350 sit
676 1289 793 1369 longius
816 1307 924 1370 aequo,

62 1394 117 1446 556
132 1383 201 1439 adra
223 1396 277 1457 per
300 1377 424 1439 multum
447 1377 588 1438 conlundi
609 1378 699 1439 rerba
721 1385 873 1439 necessest

133 1475 163 1527 et
186 1465 357 1527 conturbari
378 1483 493 1547 vocem,
516 1467 586 1528 dum
608 1467 769 1528 transvolat
790 1485 885 1528 auras

133 1573 203 1635 ergo
226 1555 273 1635 fit,
295 1557 424 1615 sonitum
447 1561 480 1615 ut
501 1556 598 1633 possis
622 1557 747 1635 sentire,
772 1573 867 1634 neque
891 1554 970 1615 illam
1028 1576 1070 1618 seo
1117 1611 1122 1620 .

132 1645 348 1723 internoscere,
370 1641 528 1703 verborum
551 1644 696 1703 sententia
719 1661 793 1722 quae
817 1645 869 1703 sit:

61 1748 113 1798 545
131 1750 226 1810 usque
249 1731 322 1791 adeo
346 1731 467 1791 contusa
489 1733 569 1791 venit
591 1749 646 1791 vox
669 1733 758 1810 inque
781 1730 889 1810 pedite.

62 1836 114 1887 561
132 1826 285 1899 praeterea
308 1819 431 1880 verbum
454 1837 541 1898 saepe
564 1837 656 1879 unum
679 1821 792 1898 perciet
814 1821 893 1879 aruis

134 1906 271 1968 omuibus
293 1909 325 1967 in
347 1906 470 1988 populo,
491 1909 616 1968 missum
638 1908 793 1986 praeconis
815 1906 851 1966 ab
875 1924 949 1969 ore.v

133 1998 164 2056 in
186 1995 294 2056 multas
316 1997 407 2074 igitur
428 2013 515 2056 voces
538 2013 593 2055 vox
615 2013 674 2055 una
696 2002 817 2074 repente
1027 2017 1070 2059 555

133 2084 262 2164 diffugit,
284 2085 316 2144 in
338 2086 436 2162 privas
459 2086 596 2163 quoniam
619 2101 651 2143 se
675 2082 779 2144 dividit
801 2085 895 2165 auris,

63 2188 115 2237 550
133 2171 292 2250 obsignans
314 2172 438 2232 sormam
455 2172 546 2232 ¹verbi
568 2171 738 2251 clarumque
761 2190 907 2232 sonorem.

62 2277 118 2327 556
132 2269 161 2321 at
184 2278 258 2339 quae
280 2278 349 2339 pars
372 2278 482 2321 vocum-
498 2277 558 2321 non
581 2262 661 2320 auris
683 2259 792 2320 incidit·
811 2262 903 2340 ipsas,

133 2347 309 2427 praeterlata
330 2350 410 2427 perit
430 2349 540 2409 frustra
563 2348 668 2409 diffusa
690 2367 746 2427 per
767 2366 866 2409 auras:

132 2454 202 2516 pars
225 2435 327 2496 solidis
351 2435 442 2496 adlisa
464 2436 537 2497 locis
559 2439 670 2497 reiecta
692 2453 830 2497 sonorem
1028 2456 1071 2498 550

134 2525 232 2585 reddit
255 2531 284 2584 et
305 2524 454 2585 interdum
477 2525 637 2585 frustratur
659 2527 787 2603 imagine
808 2523 900 2585 verbi.

63 2629 114 2678 555
135 2631 208 2691 quae
231 2612 307 2672 bene
331 2630 398 2672 cum
420 2613 533 2692 rideas,
555 2615 699 2673 rationem
722 2612 846 2673 reddere
869 2615 967 2692 possis

63 2708 198 2767 571tute
221 2699 277 2761 tibi
299 2707 387 2779 atque
410 2700 488 2781 aliis,
511 2718 569 2779 quo
591 2708 677 2780 pacto
699 2719 754 2780 per
775 2700 840 2760 loca
863 2700 924 2761 5015

135 2807 203 2850 saxa
224 2790 306 2868 paris
328 2789 437 2849 formas
459 2788 616 2848 verborum
640 2807 675 2849 ex
699 2788 802 2849 ordine
825 2788 962 2869 reddant,

133 2876 259 2956 palantis
282 2879 405 2937 comites
429 2895 495 2938 cum
518 2879 626 2936 montis
649 2879 728 2937 inter
751 2895 857 2956 opacos
1029 2898 1071 2940 555

135 2967 303 3045 quaerimus
327 2972 357 3025 et
378 2983 484 3044 magna
507 2965 656 3044 dispersos
679 2982 751 3025 voce
774 2966 893 3025 ciemus.

63 3069 115 3118 500
135 3072 186 3114 sex
209 3055 297 3114 etiam
321 3060 371 3114 aut
394 3061 507 3133 septem
529 3052 593 3113 loca
607 3052 677 3113 nidi
699 3052 823 3114 reddere
846 3054 941 3133 vocis,

63 3157 118 3209 576
132 3159 221 3202 unam
244 3159 311 3202 cum
334 3144 460 3202 iaceres:
482 3143 523 3202 ita
546 3140 636 3201 colles
659 3140 783 3202 collibus
805 3143 863 3219 ipsi

133 3229 221 3291 verba
244 3229 429 3309 repulsantes
452 3229 597 3290 iterabant
619 3229 704 3291 docta
726 3230 841 3290 referri.

133 3319 206 3379 haec
228 3317 292 3378 loca
315 3317 488 3397 capripedes
510 3324 625 3397 satyros
647 3317 848 3398 nymphasque
871 3324 973 3378 tenere
1029 3337 1072 3379 seo

132 3408 252 3467 finitimi
273 3407 401 3487 fingunt,
424 3413 454 3466 et
475 3406 578 3466 faunos
602 3424 668 3466 esse
690 3405 841 3486 locuntur,

61 3511 113 3560 555
133 3513 259 3575 qnorum
281 3497 433 3573 noctivago
457 3496 583 3573 strepitu
605 3494 732 3573 ludoque
756 3496 865 3555 iocanti

60 3600 114 3651 531
130 3584 285 3644 adfirmant
307 3583 391 3662 volgo
413 3583 560 3643 taciturna
583 3582 700 3644 silentia
722 3585 846 3664 rumpi,
