<?xml version="1.0" encoding="UTF-8"?>
<!DOCTYPE html PUBLIC "-//W3C//DTD XHTML 1.0 Transitional//EN"
    "http://www.w3.org/TR/xhtml1/DTD/xhtml1-transitional.dtd">
<html xmlns="http://www.w3.org/1999/xhtml" xml:lang="en" lang="en">
 <head>
  <title>
</title>
<meta http-equiv="Content-Type" content="text/html;charset=utf-8" />
  <meta name='ocr-system' content='tesseract 3.04.00' />
  <meta name='ocr-capabilities' content='ocr_page ocr_carea ocr_par ocr_line ocrx_word'/>
</head>
<body>
  <div class='ocr_page' id='page_1' title='image "./tlucreticarider02carugoog_0269.png"; bbox 0 0 2438 3998; ppageno 0'>
   <div class='ocr_carea' id='block_1_1' title="bbox 626 241 666 296">
    <p class='ocr_par' dir='ltr' id='par_1_1' title="bbox 626 241 666 296">
     <span class='ocr_line' id='line_1_1' title="bbox 626 241 666 296; baseline 0.025 -1"><span class='ocrx_word' id='word_1_1' title='bbox 626 241 666 296; x_wconf 91' lang='lat' dir='ltr'>VI</span> 
     </span>
    </p>
   </div>
   <div class='ocr_carea' id='block_1_2' title="bbox 143 388 1155 3644">
    <p class='ocr_par' dir='ltr' id='par_1_2' title="bbox 163 388 992 645">
     <span class='ocr_line' id='line_1_2' title="bbox 163 388 965 468; baseline -0.001 -18"><span class='ocrx_word' id='word_1_2' title='bbox 163 431 166 437; x_wconf 65' lang='grc'><em>»</em></span> <span class='ocrx_word' id='word_1_3' title='bbox 215 391 328 450; x_wconf 87' lang='lat' dir='ltr'>semina</span> <span class='ocrx_word' id='word_1_4' title='bbox 351 397 532 451; x_wconf 88' lang='lat' dir='ltr'>concurrunt</span> <span class='ocrx_word' id='word_1_5' title='bbox 553 389 641 452; x_wconf 90' lang='lat' dir='ltr'>calidi</span> <span class='ocrx_word' id='word_1_6' title='bbox 663 388 784 468; x_wconf 84' lang='lat' dir='ltr'>fulgoris</span> <span class='ocrx_word' id='word_1_7' title='bbox 808 388 844 450; x_wconf 89' lang='lat' dir='ltr'>ad</span> <span class='ocrx_word' id='word_1_8' title='bbox 866 392 965 450; x_wconf 92' lang='lat' dir='ltr'>ictum.</span> 
     </span>
     <span class='ocr_line' id='line_1_3' title="bbox 216 476 992 557; baseline 0 -20"><span class='ocrx_word' id='word_1_9' title='bbox 216 480 258 539; x_wconf 89' lang='lat' dir='ltr'>sic</span> <span class='ocrx_word' id='word_1_10' title='bbox 281 479 371 555; x_wconf 90' lang='lat' dir='ltr'>igitur</span> <span class='ocrx_word' id='word_1_11' title='bbox 393 495 510 556; x_wconf 89' lang='lat' dir='ltr'>quoquo</span> <span class='ocrx_word' id='word_1_12' title='bbox 533 495 582 539; x_wconf 87' lang='lat' dir='ltr'>res</span> <span class='ocrx_word' id='word_1_13' title='bbox 605 479 726 539; x_wconf 80' lang='lat' dir='ltr'>accendi</span> <span class='ocrx_word' id='word_1_14' title='bbox 748 477 869 539; x_wconf 86' lang='lat' dir='ltr'><strong>fulmine</strong></span> <span class='ocrx_word' id='word_1_15' title='bbox 892 476 992 557; x_wconf 87' lang='lat' dir='ltr'>debet,</span> 
     </span>
     <span class='ocr_line' id='line_1_4' title="bbox 215 565 939 645; baseline 0 -20"><span class='ocrx_word' id='word_1_16' title='bbox 215 572 379 645; x_wconf 89' lang='lat' dir='ltr'>opportuna</span> <span class='ocrx_word' id='word_1_17' title='bbox 401 566 457 627; x_wconf 89' lang='lat' dir='ltr'>fuit</span> <span class='ocrx_word' id='word_1_18' title='bbox 479 568 505 626; x_wconf 88' lang='lat' dir='ltr'>si</span> <span class='ocrx_word' id='word_1_19' title='bbox 527 566 603 627; x_wconf 87' lang='lat' dir='ltr'>forte</span> <span class='ocrx_word' id='word_1_20' title='bbox 627 573 657 627; x_wconf 89' lang='lat' dir='ltr'>et</span> <span class='ocrx_word' id='word_1_21' title='bbox 678 565 783 626; x_wconf 86' lang='lat' dir='ltr'>idonea</span> <span class='ocrx_word' id='word_1_22' title='bbox 805 566 939 626; x_wconf 90' lang='lat' dir='ltr'>flammis.</span> 
     </span>
    </p>

    <p class='ocr_par' dir='ltr' id='par_1_3' title="bbox 145 653 951 734">
     <span class='ocr_line' id='line_1_5' title="bbox 145 653 951 734; baseline -0.006 -15"><span class='ocrx_word' id='word_1_23' title='bbox 145 669 196 719; x_wconf 78' lang='grc'>313</span> <span class='ocrx_word' id='word_1_24' title='bbox 214 671 270 715; x_wconf 82' lang='lat' dir='ltr'>neo</span> <span class='ocrx_word' id='word_1_25' title='bbox 292 660 403 714; x_wconf 87' lang='lat' dir='ltr'>temere</span> <span class='ocrx_word' id='word_1_26' title='bbox 427 656 546 715; x_wconf 91' lang='lat' dir='ltr'>omnino</span> <span class='ocrx_word' id='word_1_27' title='bbox 568 654 654 734; x_wconf 89' lang='lat' dir='ltr'>plane</span> <span class='ocrx_word' id='word_1_28' title='bbox 676 656 720 714; x_wconf 83' lang='lat' dir='ltr'>vis</span> <span class='ocrx_word' id='word_1_29' title='bbox 743 653 849 732; x_wconf 88' lang='lat' dir='ltr'>frigida</span> <span class='ocrx_word' id='word_1_30' title='bbox 871 654 951 714; x_wconf 88' lang='lat' dir='ltr'>venti</span> 
     </span>
    </p>

    <p class='ocr_par' dir='ltr' id='par_1_4' title="bbox 145 744 1155 998">
     <span class='ocr_line' id='line_1_6' title="bbox 145 744 1155 823; baseline 0.007 -24"><span class='ocrx_word' id='word_1_31' title='bbox 145 746 202 800; x_wconf 84' lang='lat'>320</span> <span class='ocrx_word' id='word_1_32' title='bbox 215 759 282 802; x_wconf 86' lang='lat' dir='ltr'>esse</span> <span class='ocrx_word' id='word_1_33' title='bbox 303 749 414 823; x_wconf 83' lang='lat' dir='ltr'>potest,</span> <span class='ocrx_word' id='word_1_34' title='bbox 437 760 471 803; x_wconf 87' lang='lat' dir='ltr'>ea</span> <span class='ocrx_word' id='word_1_35' title='bbox 493 761 568 822; x_wconf 92' lang='lat' dir='ltr'>quae</span> <span class='ocrx_word' id='word_1_36' title='bbox 591 744 722 803; x_wconf 80' lang='lat' dir='ltr'>cantavi</span> <span class='ocrx_word' id='word_1_37' title='bbox 744 744 835 803; x_wconf 89' lang='lat' dir='ltr'>missa</span> <span class='ocrx_word' id='word_1_38' title='bbox 858 748 1028 822; x_wconf 87' lang='lat' dir='ltr'>supernest,</span> <span class='ocrx_word' id='word_1_39' title='bbox 1113 765 1155 807; x_wconf 75' lang='lat' dir='ltr'>aro</span> 
     </span>
     <span class='ocr_line' id='line_1_7' title="bbox 215 830 995 911; baseline 0 -21"><span class='ocrx_word' id='word_1_40' title='bbox 215 832 300 910; x_wconf 93' lang='lat' dir='ltr'>quin,</span> <span class='ocrx_word' id='word_1_41' title='bbox 322 832 407 910; x_wconf 89' lang='lat' dir='ltr'>prius</span> <span class='ocrx_word' id='word_1_42' title='bbox 428 832 460 890; x_wconf 93' lang='lat' dir='ltr'>in</span> <span class='ocrx_word' id='word_1_43' title='bbox 483 849 573 891; x_wconf 88' lang='lat' dir='ltr'>cursu</span> <span class='ocrx_word' id='word_1_44' title='bbox 596 832 703 891; x_wconf 94' lang='lat' dir='ltr'>sinon</span> <span class='ocrx_word' id='word_1_45' title='bbox 726 830 898 892; x_wconf 81' lang='lat' dir='ltr'><strong>accenditur</strong></span> <span class='ocrx_word' id='word_1_46' title='bbox 919 831 995 911; x_wconf 85' lang='lat' dir='ltr'>igni,</span> 
     </span>
     <span class='ocr_line' id='line_1_8' title="bbox 215 917 959 998; baseline 0 -20"><span class='ocrx_word' id='word_1_47' title='bbox 215 925 246 979; x_wconf 90' lang='lat' dir='ltr'>at</span> <span class='ocrx_word' id='word_1_48' title='bbox 266 919 410 998; x_wconf 87' lang='lat' dir='ltr'>tepefacta</span> <span class='ocrx_word' id='word_1_49' title='bbox 432 926 531 979; x_wconf 89' lang='lat' dir='ltr'>tamen</span> <span class='ocrx_word' id='word_1_50' title='bbox 554 920 652 979; x_wconf 88' lang='lat' dir='ltr'>veniat</span> <span class='ocrx_word' id='word_1_51' title='bbox 674 921 831 978; x_wconf 86' lang='lat' dir='ltr'>commixta</span> <span class='ocrx_word' id='word_1_52' title='bbox 853 917 959 979; x_wconf 88' lang='lat' dir='ltr'>calore.</span> 
     </span>
    </p>

    <p class='ocr_par' dir='ltr' id='par_1_5' title="bbox 259 1005 1019 1085">
     <span class='ocr_line' id='line_1_9' title="bbox 259 1005 1019 1085; baseline -0.003 -18"><span class='ocrx_word' id='word_1_53' title='bbox 259 1005 404 1067; x_wconf 84' lang='lat' dir='ltr'><strong>Mobilitas</strong></span> <span class='ocrx_word' id='word_1_54' title='bbox 428 1014 526 1067; x_wconf 89' lang='lat' dir='ltr'>autem</span> <span class='ocrx_word' id='word_1_55' title='bbox 548 1006 582 1067; x_wconf 86' lang='lat' dir='ltr'>fit</span> <span class='ocrx_word' id='word_1_56' title='bbox 603 1005 734 1066; x_wconf 83' lang='lat' dir='ltr'>fulminis</span> <span class='ocrx_word' id='word_1_57' title='bbox 758 1013 788 1066; x_wconf 88' lang='lat' dir='ltr'>et</span> <span class='ocrx_word' id='word_1_58' title='bbox 809 1008 905 1084; x_wconf 85' lang='lat' dir='ltr'>gravis</span> <span class='ocrx_word' id='word_1_59' title='bbox 927 1008 1019 1085; x_wconf 92' lang='lat' dir='ltr'>ictus,</span> 
     </span>
    </p>

    <p class='ocr_par' dir='ltr' id='par_1_6' title="bbox 144 1086 984 1178">
     <span class='ocr_line' id='line_1_10' title="bbox 144 1086 984 1178; baseline -0.004 -20"><span class='ocrx_word' id='word_1_60' title='bbox 144 1110 196 1159; x_wconf 76' lang='lat' dir='ltr'>tto</span> <span class='ocrx_word' id='word_1_61' title='bbox 214 1086 224 1178; x_wconf 69' lang='lat' dir='ltr'>ll</span> <span class='ocrx_word' id='word_1_62' title='bbox 237 1101 267 1155; x_wconf 92' lang='lat' dir='ltr'>at</span> <span class='ocrx_word' id='word_1_63' title='bbox 288 1094 378 1156; x_wconf 88' lang='lat' dir='ltr'>celeri</span> <span class='ocrx_word' id='word_1_64' title='bbox 400 1095 492 1155; x_wconf 88' lang='lat' dir='ltr'>ferme</span> <span class='ocrx_word' id='word_1_65' title='bbox 515 1102 694 1174; x_wconf 90' lang='lat' dir='ltr'>percurrunt</span> <span class='ocrx_word' id='word_1_66' title='bbox 715 1093 838 1155; x_wconf 89' lang='lat' dir='ltr'>fulmina</span> <span class='ocrx_word' id='word_1_67' title='bbox 860 1094 956 1175; x_wconf 90' lang='lat' dir='ltr'>lapsu,</span> <span class='ocrx_word' id='word_1_68' title='bbox 973 1092 984 1174; x_wconf 89' lang='grc' dir='ltr'>ΙΙ</span> 
     </span>
    </p>

    <p class='ocr_par' dir='ltr' id='par_1_7' title="bbox 145 1181 1154 1528">
     <span class='ocr_line' id='line_1_11' title="bbox 145 1181 1154 1262; baseline 0.008 -23"><span class='ocrx_word' id='word_1_69' title='bbox 145 1187 202 1241; x_wconf 81' lang='grc'>335</span> <span class='ocrx_word' id='word_1_70' title='bbox 214 1181 343 1243; x_wconf 91' lang='lat' dir='ltr'>nubibus</span> <span class='ocrx_word' id='word_1_71' title='bbox 365 1185 430 1262; x_wconf 89' lang='lat' dir='ltr'>ipsa</span> <span class='ocrx_word' id='word_1_72' title='bbox 453 1182 532 1261; x_wconf 86' lang='lat' dir='ltr'>quod</span> <span class='ocrx_word' id='word_1_73' title='bbox 555 1184 673 1243; x_wconf 91' lang='lat' dir='ltr'>omnino</span> <span class='ocrx_word' id='word_1_74' title='bbox 696 1184 779 1262; x_wconf 90' lang='lat' dir='ltr'>prius</span> <span class='ocrx_word' id='word_1_75' title='bbox 802 1184 892 1243; x_wconf 91' lang='lat' dir='ltr'>incita</span> <span class='ocrx_word' id='word_1_76' title='bbox 914 1199 946 1243; x_wconf 89' lang='lat' dir='ltr'>se</span> <span class='ocrx_word' id='word_1_77' title='bbox 969 1184 1014 1242; x_wconf 88' lang='lat' dir='ltr'>vis</span> <span class='ocrx_word' id='word_1_78' title='bbox 1114 1205 1154 1247; x_wconf 78' lang='lat' dir='ltr'>aaa</span> 
     </span>
     <span class='ocr_line' id='line_1_12' title="bbox 215 1269 1034 1351; baseline 0.001 -21"><span class='ocrx_word' id='word_1_79' title='bbox 215 1269 327 1350; x_wconf 82' lang='lat' dir='ltr'>colligit</span> <span class='ocrx_word' id='word_1_80' title='bbox 348 1278 379 1330; x_wconf 90' lang='lat' dir='ltr'>et</span> <span class='ocrx_word' id='word_1_81' title='bbox 399 1288 538 1349; x_wconf 86' lang='lat' dir='ltr'>magnum</span> <span class='ocrx_word' id='word_1_82' title='bbox 560 1288 703 1331; x_wconf 82' lang='lat' dir='ltr'>conamen</span> <span class='ocrx_word' id='word_1_83' title='bbox 725 1273 816 1332; x_wconf 90' lang='lat' dir='ltr'>sumit</span> <span class='ocrx_word' id='word_1_84' title='bbox 838 1270 941 1351; x_wconf 90' lang='lat' dir='ltr'>eundi,</span> <span class='ocrx_word' id='word_1_85' title='bbox 1032 1327 1034 1331; x_wconf 87' lang='lat'>.</span> 
     </span>
     <span class='ocr_line' id='line_1_13' title="bbox 214 1357 1092 1441; baseline 0 -22"><span class='ocrx_word' id='word_1_86' title='bbox 214 1357 283 1419; x_wconf 90' lang='lat' dir='ltr'>indo</span> <span class='ocrx_word' id='word_1_87' title='bbox 306 1357 359 1418; x_wconf 92' lang='lat' dir='ltr'>ubi</span> <span class='ocrx_word' id='word_1_88' title='bbox 380 1377 440 1419; x_wconf 95' lang='lat' dir='ltr'>non</span> <span class='ocrx_word' id='word_1_89' title='bbox 461 1360 558 1438; x_wconf 88' lang='lat' dir='ltr'>potuit</span> <span class='ocrx_word' id='word_1_90' title='bbox 580 1358 674 1419; x_wconf 87' lang='lat' dir='ltr'>nubes</span> <span class='ocrx_word' id='word_1_91' title='bbox 697 1377 802 1438; x_wconf 81' lang='lat' dir='ltr'>capere</span> <span class='ocrx_word' id='word_1_92' title='bbox 825 1361 934 1438; x_wconf 87' lang='lat' dir='ltr'>inpetis</span> <span class='ocrx_word' id='word_1_93' title='bbox 957 1365 1092 1441; x_wconf 91' lang='lat' dir='ltr'>auctum,</span> 
     </span>
     <span class='ocr_line' id='line_1_14' title="bbox 215 1446 996 1528; baseline 0 -22"><span class='ocrx_word' id='word_1_94' title='bbox 215 1447 390 1525; x_wconf 83' lang='lat' dir='ltr'>exprimitur</span> <span class='ocrx_word' id='word_1_95' title='bbox 411 1447 456 1507; x_wconf 82' lang='lat' dir='ltr'>vis</span> <span class='ocrx_word' id='word_1_96' title='bbox 479 1453 566 1526; x_wconf 84' lang='lat' dir='ltr'>atque</span> <span class='ocrx_word' id='word_1_97' title='bbox 588 1446 655 1507; x_wconf 88' lang='lat' dir='ltr'>ideo</span> <span class='ocrx_word' id='word_1_98' title='bbox 677 1446 755 1507; x_wconf 88' lang='lat' dir='ltr'>volat</span> <span class='ocrx_word' id='word_1_99' title='bbox 776 1449 885 1526; x_wconf 86' lang='lat' dir='ltr'>impeto</span> <span class='ocrx_word' id='word_1_100' title='bbox 907 1448 996 1528; x_wconf 91' lang='lat' dir='ltr'>miro,</span> 
     </span>
    </p>

    <p class='ocr_par' dir='ltr' id='par_1_8' title="bbox 145 1533 987 1614">
     <span class='ocr_line' id='line_1_15' title="bbox 145 1533 987 1614; baseline -0.006 -14"><span class='ocrx_word' id='word_1_101' title='bbox 145 1551 196 1600; x_wconf 78' lang='lat'>325</span> <span class='ocrx_word' id='word_1_102' title='bbox 215 1541 249 1595; x_wconf 90' lang='lat' dir='ltr'>ut</span> <span class='ocrx_word' id='word_1_103' title='bbox 270 1533 374 1594; x_wconf 88' lang='lat' dir='ltr'>validis</span> <span class='ocrx_word' id='word_1_104' title='bbox 397 1553 472 1614; x_wconf 89' lang='lat' dir='ltr'>quae</span> <span class='ocrx_word' id='word_1_105' title='bbox 496 1535 532 1597; x_wconf 91' lang='lat' dir='ltr'>de</span> <span class='ocrx_word' id='word_1_106' title='bbox 554 1537 710 1596; x_wconf 87' lang='lat' dir='ltr'>tormentis</span> <span class='ocrx_word' id='word_1_107' title='bbox 732 1537 822 1596; x_wconf 90' lang='lat' dir='ltr'>missa</span> <span class='ocrx_word' id='word_1_108' title='bbox 843 1535 987 1596; x_wconf 86' lang='lat' dir='ltr'>feruntur.</span> 
     </span>
    </p>

    <p class='ocr_par' dir='ltr' id='par_1_9' title="bbox 145 1621 1153 1965">
     <span class='ocr_line' id='line_1_16' title="bbox 145 1621 1153 1704; baseline 0.008 -24"><span class='ocrx_word' id='word_1_109' title='bbox 145 1628 199 1681; x_wconf 85' lang='grc'>330</span> <span class='ocrx_word' id='word_1_110' title='bbox 215 1621 289 1683; x_wconf 86' lang='lat' dir='ltr'>adde</span> <span class='ocrx_word' id='word_1_111' title='bbox 312 1622 390 1702; x_wconf 92' lang='lat' dir='ltr'>quod</span> <span class='ocrx_word' id='word_1_112' title='bbox 413 1641 430 1683; x_wconf 91' lang='lat' dir='ltr'>e</span> <span class='ocrx_word' id='word_1_113' title='bbox 452 1626 550 1702; x_wconf 88' lang='lat' dir='ltr'>parvis</span> <span class='ocrx_word' id='word_1_114' title='bbox 573 1630 603 1684; x_wconf 88' lang='lat' dir='ltr'>ct</span> <span class='ocrx_word' id='word_1_115' title='bbox 624 1622 737 1684; x_wconf 82' lang='lat' dir='ltr'>levibus</span> <span class='ocrx_word' id='word_1_116' title='bbox 761 1630 808 1684; x_wconf 90' lang='lat' dir='ltr'>est</span> <span class='ocrx_word' id='word_1_117' title='bbox 829 1622 996 1704; x_wconf 84' lang='lat' dir='ltr'>clementis,</span> <span class='ocrx_word' id='word_1_118' title='bbox 1112 1648 1153 1688; x_wconf 80' lang='lat' dir='ltr'>ooo</span> 
     </span>
     <span class='ocr_line' id='line_1_17' title="bbox 214 1709 987 1791; baseline 0 -20"><span class='ocrx_word' id='word_1_119' title='bbox 214 1728 269 1771; x_wconf 88' lang='lat' dir='ltr'>nec</span> <span class='ocrx_word' id='word_1_120' title='bbox 292 1709 406 1772; x_wconf 85' lang='lat' dir='ltr'>facilest</span> <span class='ocrx_word' id='word_1_121' title='bbox 427 1711 480 1771; x_wconf 92' lang='lat' dir='ltr'>tali</span> <span class='ocrx_word' id='word_1_122' title='bbox 502 1719 623 1772; x_wconf 88' lang='lat' dir='ltr'>naturae</span> <span class='ocrx_word' id='word_1_123' title='bbox 647 1710 791 1772; x_wconf 86' lang='lat' dir='ltr'>obsistere</span> <span class='ocrx_word' id='word_1_124' title='bbox 817 1714 987 1791; x_wconf 90' lang='lat' dir='ltr'>quicquam:</span> 
     </span>
     <span class='ocr_line' id='line_1_18' title="bbox 214 1800 1018 1880; baseline 0.001 -21"><span class='ocrx_word' id='word_1_125' title='bbox 214 1801 294 1859; x_wconf 87' lang='lat' dir='ltr'>inter</span> <span class='ocrx_word' id='word_1_126' title='bbox 315 1801 395 1859; x_wconf 86' lang='lat' dir='ltr'>enim</span> <span class='ocrx_word' id='word_1_127' title='bbox 418 1800 492 1878; x_wconf 85' lang='lat' dir='ltr'>fugit</span> <span class='ocrx_word' id='word_1_128' title='bbox 514 1819 548 1860; x_wconf 93' lang='lat' dir='ltr'>ac</span> <span class='ocrx_word' id='word_1_129' title='bbox 570 1806 706 1878; x_wconf 87' lang='lat' dir='ltr'>penetrat</span> <span class='ocrx_word' id='word_1_130' title='bbox 726 1818 782 1878; x_wconf 90' lang='lat' dir='ltr'>per</span> <span class='ocrx_word' id='word_1_131' title='bbox 802 1817 869 1860; x_wconf 87' lang='lat' dir='ltr'>rara</span> <span class='ocrx_word' id='word_1_132' title='bbox 891 1802 1018 1880; x_wconf 82' lang='lat' dir='ltr'>viarum,</span> 
     </span>
     <span class='ocr_line' id='line_1_19' title="bbox 215 1887 944 1965; baseline 0.001 -18"><span class='ocrx_word' id='word_1_133' title='bbox 215 1905 275 1947; x_wconf 95' lang='lat' dir='ltr'>non</span> <span class='ocrx_word' id='word_1_134' title='bbox 296 1889 388 1965; x_wconf 91' lang='lat' dir='ltr'>igitur</span> <span class='ocrx_word' id='word_1_135' title='bbox 409 1887 510 1949; x_wconf 92' lang='lat' dir='ltr'>multis</span> <span class='ocrx_word' id='word_1_136' title='bbox 533 1887 694 1950; x_wconf 86' lang='lat' dir='ltr'>offensibus</span> <span class='ocrx_word' id='word_1_137' title='bbox 715 1889 747 1947; x_wconf 92' lang='lat' dir='ltr'>in</span> <span class='ocrx_word' id='word_1_138' title='bbox 769 1887 944 1948; x_wconf 82' lang='lat' dir='ltr'>remorando</span> 
     </span>
    </p>

    <p class='ocr_par' dir='ltr' id='par_1_10' title="bbox 145 1974 1078 2058">
     <span class='ocr_line' id='line_1_20' title="bbox 145 1974 1078 2058; baseline -0.003 -18"><span class='ocrx_word' id='word_1_139' title='bbox 145 1992 197 2040; x_wconf 82' lang='grc'>330</span> <span class='ocrx_word' id='word_1_140' title='bbox 214 1974 351 2056; x_wconf 87' lang='lat' dir='ltr'>haesitat,</span> <span class='ocrx_word' id='word_1_141' title='bbox 373 1974 449 2037; x_wconf 93' lang='lat' dir='ltr'>hanc</span> <span class='ocrx_word' id='word_1_142' title='bbox 472 1975 509 2036; x_wconf 94' lang='lat' dir='ltr'>ob</span> <span class='ocrx_word' id='word_1_143' title='bbox 532 1994 595 2037; x_wconf 88' lang='lat' dir='ltr'>rom</span> <span class='ocrx_word' id='word_1_144' title='bbox 618 1975 709 2036; x_wconf 87' lang='lat' dir='ltr'>celeri</span> <span class='ocrx_word' id='word_1_145' title='bbox 729 1975 807 2035; x_wconf 84' lang='lat' dir='ltr'>volat</span> <span class='ocrx_word' id='word_1_146' title='bbox 829 1978 938 2056; x_wconf 88' lang='lat' dir='ltr'>impete</span> <span class='ocrx_word' id='word_1_147' title='bbox 961 1975 1078 2058; x_wconf 88' lang='lat' dir='ltr'>labens,</span> 
     </span>
    </p>

    <p class='ocr_par' dir='ltr' id='par_1_11' title="bbox 144 2063 1151 2408">
     <span class='ocr_line' id='line_1_21' title="bbox 144 2063 1151 2144; baseline 0.005 -25"><span class='ocrx_word' id='word_1_148' title='bbox 144 2068 199 2120; x_wconf 88' lang='grc'>335</span> <span class='ocrx_word' id='word_1_149' title='bbox 214 2063 334 2144; x_wconf 88' lang='lat' dir='ltr'>deinde,</span> <span class='ocrx_word' id='word_1_150' title='bbox 357 2064 435 2142; x_wconf 84' lang='lat' dir='ltr'>quod</span> <span class='ocrx_word' id='word_1_151' title='bbox 458 2065 578 2124; x_wconf 88' lang='lat' dir='ltr'>omnino</span> <span class='ocrx_word' id='word_1_152' title='bbox 601 2069 704 2124; x_wconf 90' lang='lat' dir='ltr'>natura</span> <span class='ocrx_word' id='word_1_153' title='bbox 726 2063 856 2142; x_wconf 87' lang='lat' dir='ltr'>pondera</span> <span class='ocrx_word' id='word_1_154' title='bbox 879 2063 1019 2124; x_wconf 87' lang='lat' dir='ltr'>deorsum</span> <span class='ocrx_word' id='word_1_155' title='bbox 1111 2089 1151 2130; x_wconf 71' lang='lat' dir='ltr'>ces</span> 
     </span>
     <span class='ocr_line' id='line_1_22' title="bbox 215 2151 931 2233; baseline 0 -22"><span class='ocrx_word' id='word_1_156' title='bbox 215 2153 312 2212; x_wconf 89' lang='lat' dir='ltr'>omnia</span> <span class='ocrx_word' id='word_1_157' title='bbox 335 2153 482 2233; x_wconf 90' lang='lat' dir='ltr'>nituntur,</span> <span class='ocrx_word' id='word_1_158' title='bbox 505 2170 573 2212; x_wconf 90' lang='lat' dir='ltr'>cum</span> <span class='ocrx_word' id='word_1_159' title='bbox 594 2151 708 2230; x_wconf 84' lang='lat' dir='ltr'>plagast</span> <span class='ocrx_word' id='word_1_160' title='bbox 729 2151 826 2212; x_wconf 90' lang='lat' dir='ltr'>addita</span> <span class='ocrx_word' id='word_1_161' title='bbox 848 2170 931 2233; x_wconf 89' lang='lat' dir='ltr'>vero,</span> 
     </span>
     <span class='ocr_line' id='line_1_23' title="bbox 214 2236 1004 2320; baseline 0 -21"><span class='ocrx_word' id='word_1_162' title='bbox 214 2236 362 2300; x_wconf 86' lang='lat' dir='ltr'>mobilitas</span> <span class='ocrx_word' id='word_1_163' title='bbox 385 2238 551 2318; x_wconf 88' lang='lat' dir='ltr'>duplicatur</span> <span class='ocrx_word' id='word_1_164' title='bbox 573 2248 603 2299; x_wconf 90' lang='lat' dir='ltr'>et</span> <span class='ocrx_word' id='word_1_165' title='bbox 625 2242 752 2319; x_wconf 89' lang='lat' dir='ltr'>impetus</span> <span class='ocrx_word' id='word_1_166' title='bbox 774 2239 824 2300; x_wconf 87' lang='lat' dir='ltr'>illo</span> <span class='ocrx_word' id='word_1_167' title='bbox 847 2242 1004 2320; x_wconf 86' lang='lat' dir='ltr'>gravescit,</span> 
     </span>
     <span class='ocr_line' id='line_1_24' title="bbox 214 2329 995 2408; baseline 0.004 -21"><span class='ocrx_word' id='word_1_168' title='bbox 214 2334 248 2387; x_wconf 92' lang='lat' dir='ltr'>ut</span> <span class='ocrx_word' id='word_1_169' title='bbox 269 2330 433 2388; x_wconf 88' lang='lat' dir='ltr'>vementius</span> <span class='ocrx_word' id='word_1_170' title='bbox 456 2334 487 2389; x_wconf 88' lang='lat' dir='ltr'>et</span> <span class='ocrx_word' id='word_1_171' title='bbox 508 2329 597 2388; x_wconf 90' lang='lat' dir='ltr'>citius</span> <span class='ocrx_word' id='word_1_172' title='bbox 620 2346 820 2408; x_wconf 91' lang='lat' dir='ltr'>quaecumque</span> <span class='ocrx_word' id='word_1_173' title='bbox 843 2336 995 2390; x_wconf 86' lang='lat' dir='ltr'>morantur</span> 
     </span>
    </p>

    <p class='ocr_par' dir='ltr' id='par_1_12' title="bbox 144 2414 916 2496">
     <span class='ocr_line' id='line_1_25' title="bbox 144 2414 916 2496; baseline -0.005 -15"><span class='ocrx_word' id='word_1_174' title='bbox 144 2432 196 2480; x_wconf 78' lang='grc'>335</span> <span class='ocrx_word' id='word_1_175' title='bbox 215 2414 300 2475; x_wconf 84' lang='lat' dir='ltr'>obvia</span> <span class='ocrx_word' id='word_1_176' title='bbox 322 2415 461 2476; x_wconf 90' lang='lat' dir='ltr'>discutiat</span> <span class='ocrx_word' id='word_1_177' title='bbox 482 2414 575 2494; x_wconf 90' lang='lat' dir='ltr'>plagis</span> <span class='ocrx_word' id='word_1_178' title='bbox 597 2418 744 2495; x_wconf 87' lang='lat' dir='ltr'>itinerque</span> <span class='ocrx_word' id='word_1_179' title='bbox 768 2423 916 2496; x_wconf 88' lang='lat' dir='ltr'>sequatur.</span> 
     </span>
    </p>

    <p class='ocr_par' dir='ltr' id='par_1_13' title="bbox 143 2502 1151 2849">
     <span class='ocr_line' id='line_1_26' title="bbox 143 2502 1151 2585; baseline 0.003 -23"><span class='ocrx_word' id='word_1_180' title='bbox 143 2510 198 2562; x_wconf 77' lang='grc'>340</span> <span class='ocrx_word' id='word_1_181' title='bbox 214 2503 341 2581; x_wconf 83' lang='lat' dir='ltr'>deniquo</span> <span class='ocrx_word' id='word_1_182' title='bbox 364 2504 442 2583; x_wconf 90' lang='lat' dir='ltr'>quod</span> <span class='ocrx_word' id='word_1_183' title='bbox 464 2502 551 2582; x_wconf 92' lang='lat' dir='ltr'>longo</span> <span class='ocrx_word' id='word_1_184' title='bbox 573 2506 654 2565; x_wconf 84' lang='lat' dir='ltr'>venit</span> <span class='ocrx_word' id='word_1_185' title='bbox 675 2506 797 2585; x_wconf 89' lang='lat' dir='ltr'>impeto,</span> <span class='ocrx_word' id='word_1_186' title='bbox 821 2523 938 2566; x_wconf 88' lang='lat' dir='ltr'>sumere</span> <span class='ocrx_word' id='word_1_187' title='bbox 961 2503 1050 2565; x_wconf 87' lang='lat' dir='ltr'>debet</span> <span class='ocrx_word' id='word_1_188' title='bbox 1111 2533 1151 2575; x_wconf 50' lang='grc' dir='ltr'>ιω</span> 
     </span>
     <span class='ocr_line' id='line_1_27' title="bbox 215 2590 1105 2672; baseline 0.002 -20"><span class='ocrx_word' id='word_1_189' title='bbox 215 2590 409 2653; x_wconf 87' lang='lat' dir='ltr'>mobilitatem</span> <span class='ocrx_word' id='word_1_190' title='bbox 431 2593 520 2652; x_wconf 88' lang='lat' dir='ltr'>etiam</span> <span class='ocrx_word' id='word_1_191' title='bbox 543 2599 629 2671; x_wconf 88' lang='lat' dir='ltr'>atque</span> <span class='ocrx_word' id='word_1_192' title='bbox 653 2594 754 2672; x_wconf 89' lang='lat' dir='ltr'>etiam,</span> <span class='ocrx_word' id='word_1_193' title='bbox 777 2610 851 2671; x_wconf 92' lang='lat' dir='ltr'>quae</span> <span class='ocrx_word' id='word_1_194' title='bbox 874 2595 982 2653; x_wconf 86' lang='lat' dir='ltr'>crescit</span> <span class='ocrx_word' id='word_1_195' title='bbox 1005 2594 1105 2654; x_wconf 86' lang='lat' dir='ltr'>cundo</span> 
     </span>
     <span class='ocr_line' id='line_1_28' title="bbox 215 2678 898 2758; baseline 0.003 -18"><span class='ocrx_word' id='word_1_196' title='bbox 215 2686 245 2740; x_wconf 88' lang='lat' dir='ltr'>et</span> <span class='ocrx_word' id='word_1_197' title='bbox 266 2678 376 2740; x_wconf 83' lang='lat' dir='ltr'>validas</span> <span class='ocrx_word' id='word_1_198' title='bbox 398 2686 486 2758; x_wconf 85' lang='lat' dir='ltr'>auget</span> <span class='ocrx_word' id='word_1_199' title='bbox 508 2681 579 2741; x_wconf 83' lang='lat' dir='ltr'>viris</span> <span class='ocrx_word' id='word_1_200' title='bbox 602 2687 632 2740; x_wconf 89' lang='lat' dir='ltr'>et</span> <span class='ocrx_word' id='word_1_201' title='bbox 653 2679 773 2741; x_wconf 89' lang='lat' dir='ltr'>roborat</span> <span class='ocrx_word' id='word_1_202' title='bbox 794 2683 898 2742; x_wconf 90' lang='lat' dir='ltr'>ictum:</span> 
     </span>
     <span class='ocr_line' id='line_1_29' title="bbox 213 2767 993 2849; baseline 0.003 -21"><span class='ocrx_word' id='word_1_203' title='bbox 213 2785 282 2828; x_wconf 90' lang='lat' dir='ltr'>nam</span> <span class='ocrx_word' id='word_1_204' title='bbox 304 2767 375 2828; x_wconf 86' lang='lat' dir='ltr'>facit</span> <span class='ocrx_word' id='word_1_205' title='bbox 396 2775 430 2828; x_wconf 92' lang='lat' dir='ltr'>ut</span> <span class='ocrx_word' id='word_1_206' title='bbox 451 2785 526 2846; x_wconf 87' lang='lat' dir='ltr'>quac</span> <span class='ocrx_word' id='word_1_207' title='bbox 549 2769 609 2828; x_wconf 93' lang='lat' dir='ltr'>sint</span> <span class='ocrx_word' id='word_1_208' title='bbox 630 2767 710 2828; x_wconf 90' lang='lat' dir='ltr'>illius</span> <span class='ocrx_word' id='word_1_209' title='bbox 732 2770 845 2829; x_wconf 85' lang='lat' dir='ltr'>semina</span> <span class='ocrx_word' id='word_1_210' title='bbox 868 2787 993 2849; x_wconf 87' lang='lat' dir='ltr'>cumque</span> 
     </span>
    </p>

    <p class='ocr_par' dir='ltr' id='par_1_14' title="bbox 144 2854 1068 2939">
     <span class='ocr_line' id='line_1_30' title="bbox 144 2854 1068 2939; baseline -0.001 -19"><span class='ocrx_word' id='word_1_211' title='bbox 144 2873 196 2922; x_wconf 81' lang='lat'>340</span> <span class='ocrx_word' id='word_1_212' title='bbox 215 2875 232 2916; x_wconf 85' lang='lat' dir='ltr'>e</span> <span class='ocrx_word' id='word_1_213' title='bbox 254 2857 376 2935; x_wconf 87' lang='lat' dir='ltr'>regione</span> <span class='ocrx_word' id='word_1_214' title='bbox 398 2854 495 2916; x_wconf 90' lang='lat' dir='ltr'>locum</span> <span class='ocrx_word' id='word_1_215' title='bbox 519 2858 604 2934; x_wconf 89' lang='lat' dir='ltr'>quasi</span> <span class='ocrx_word' id='word_1_216' title='bbox 625 2858 657 2916; x_wconf 91' lang='lat' dir='ltr'>in</span> <span class='ocrx_word' id='word_1_217' title='bbox 680 2875 772 2918; x_wconf 92' lang='lat' dir='ltr'>unum</span> <span class='ocrx_word' id='word_1_218' title='bbox 794 2864 899 2918; x_wconf 90' lang='lat' dir='ltr'>cuncta</span> <span class='ocrx_word' id='word_1_219' title='bbox 921 2857 1068 2939; x_wconf 83' lang='lat' dir='ltr'>ferantur,</span> 
     </span>
    </p>

    <p class='ocr_par' dir='ltr' id='par_1_15' title="bbox 144 2944 1151 3288">
     <span class='ocr_line' id='line_1_31' title="bbox 144 2944 1151 3013; baseline 0.012 -12"><span class='ocrx_word' id='word_1_220' title='bbox 144 2950 197 3003; x_wconf 77' lang='lat'>345</span> <span class='ocrx_word' id='word_1_221' title='bbox 214 2945 312 3004; x_wconf 90' lang='lat' dir='ltr'>omnia</span> <span class='ocrx_word' id='word_1_222' title='bbox 335 2945 485 3004; x_wconf 85' lang='lat' dir='ltr'>coniciens</span> <span class='ocrx_word' id='word_1_223' title='bbox 508 2946 540 3004; x_wconf 91' lang='lat' dir='ltr'>in</span> <span class='ocrx_word' id='word_1_224' title='bbox 562 2962 631 3005; x_wconf 88' lang='lat' dir='ltr'>eum</span> <span class='ocrx_word' id='word_1_225' title='bbox 652 2944 797 3006; x_wconf 80' lang='lat' dir='ltr'>volventia</span> <span class='ocrx_word' id='word_1_226' title='bbox 819 2963 947 3006; x_wconf 88' lang='lat' dir='ltr'>cursum</span> <span class='ocrx_word' id='word_1_227' title='bbox 1110 2970 1151 3013; x_wconf 71' lang='lat' dir='ltr'>aaa</span> 
     </span>
     <span class='ocr_line' id='line_1_32' title="bbox 214 3032 1002 3112; baseline 0.003 -20"><span class='ocrx_word' id='word_1_228' title='bbox 214 3032 337 3093; x_wconf 85' lang='lat' dir='ltr'>forsitan</span> <span class='ocrx_word' id='word_1_229' title='bbox 359 3050 395 3093; x_wconf 86' lang='lat' dir='ltr'>ex</span> <span class='ocrx_word' id='word_1_230' title='bbox 417 3033 483 3110; x_wconf 92' lang='lat' dir='ltr'>ipso</span> <span class='ocrx_word' id='word_1_231' title='bbox 505 3034 628 3094; x_wconf 83' lang='lat' dir='ltr'>veniens</span> <span class='ocrx_word' id='word_1_232' title='bbox 650 3033 747 3094; x_wconf 88' lang='lat' dir='ltr'>trabat</span> <span class='ocrx_word' id='word_1_233' title='bbox 768 3037 837 3094; x_wconf 76' lang='lat' dir='ltr'>aere</span> <span class='ocrx_word' id='word_1_234' title='bbox 861 3033 1002 3112; x_wconf 85' lang='lat' dir='ltr'>quaedam</span> 
     </span>
     <span class='ocr_line' id='line_1_33' title="bbox 214 3119 970 3200; baseline 0.003 -20"><span class='ocrx_word' id='word_1_235' title='bbox 214 3137 351 3200; x_wconf 86' lang='lat' dir='ltr'>corpora,</span> <span class='ocrx_word' id='word_1_236' title='bbox 374 3138 449 3199; x_wconf 87' lang='lat' dir='ltr'>quae</span> <span class='ocrx_word' id='word_1_237' title='bbox 471 3119 564 3199; x_wconf 88' lang='lat' dir='ltr'>plagis</span> <span class='ocrx_word' id='word_1_238' title='bbox 587 3120 748 3182; x_wconf 87' lang='lat' dir='ltr'>incendunt</span> <span class='ocrx_word' id='word_1_239' title='bbox 769 3120 970 3183; x_wconf 89' lang='lat' dir='ltr'>mobilitatem.</span> 
     </span>
     <span class='ocr_line' id='line_1_34' title="bbox 214 3207 1056 3288; baseline 0.002 -20"><span class='ocrx_word' id='word_1_240' title='bbox 214 3207 429 3287; x_wconf 87' lang='lat' dir='ltr'>incolumisque</span> <span class='ocrx_word' id='word_1_241' title='bbox 452 3210 533 3269; x_wconf 87' lang='lat' dir='ltr'>venit</span> <span class='ocrx_word' id='word_1_242' title='bbox 554 3227 608 3288; x_wconf 90' lang='lat' dir='ltr'>per</span> <span class='ocrx_word' id='word_1_243' title='bbox 630 3227 679 3270; x_wconf 88' lang='lat' dir='ltr'>ros</span> <span class='ocrx_word' id='word_1_244' title='bbox 702 3217 789 3288; x_wconf 84' lang='lat' dir='ltr'>atque</span> <span class='ocrx_word' id='word_1_245' title='bbox 811 3211 925 3288; x_wconf 87' lang='lat' dir='ltr'>integra</span> <span class='ocrx_word' id='word_1_246' title='bbox 948 3212 1056 3271; x_wconf 88' lang='lat' dir='ltr'>transit</span> 
     </span>
    </p>

    <p class='ocr_par' dir='ltr' id='par_1_16' title="bbox 144 3294 1068 3377">
     <span class='ocr_line' id='line_1_35' title="bbox 144 3294 1068 3377; baseline -0.004 -14"><span class='ocrx_word' id='word_1_247' title='bbox 144 3312 195 3363; x_wconf 77' lang='grc'>343</span> <span class='ocrx_word' id='word_1_248' title='bbox 213 3294 318 3375; x_wconf 92' lang='lat' dir='ltr'>multa,</span> <span class='ocrx_word' id='word_1_249' title='bbox 340 3295 533 3357; x_wconf 76' lang='lat' dir='ltr'>foraminibus</span> <span class='ocrx_word' id='word_1_250' title='bbox 556 3296 686 3376; x_wconf 90' lang='lat' dir='ltr'>liquidus</span> <span class='ocrx_word' id='word_1_251' title='bbox 709 3300 777 3377; x_wconf 94' lang='lat' dir='ltr'>quia</span> <span class='ocrx_word' id='word_1_252' title='bbox 799 3298 959 3358; x_wconf 87' lang='lat' dir='ltr'>transvolat</span> <span class='ocrx_word' id='word_1_253' title='bbox 981 3300 1068 3377; x_wconf 91' lang='lat' dir='ltr'>ignis.</span> 
     </span>
    </p>

    <p class='ocr_par' dir='ltr' id='par_1_17' title="bbox 143 3382 1153 3644">
     <span class='ocr_line' id='line_1_36' title="bbox 143 3382 1153 3466; baseline 0.01 -24"><span class='ocrx_word' id='word_1_254' title='bbox 143 3391 198 3444; x_wconf 83' lang='lat'>350</span> <span class='ocrx_word' id='word_1_255' title='bbox 212 3382 363 3462; x_wconf 89' lang='lat' dir='ltr'>multaque</span> <span class='ocrx_word' id='word_1_256' title='bbox 385 3385 555 3465; x_wconf 84' lang='lat' dir='ltr'>perfringit,</span> <span class='ocrx_word' id='word_1_257' title='bbox 578 3404 646 3447; x_wconf 91' lang='lat' dir='ltr'>cum</span> <span class='ocrx_word' id='word_1_258' title='bbox 669 3402 792 3464; x_wconf 90' lang='lat' dir='ltr'>corpora</span> <span class='ocrx_word' id='word_1_259' title='bbox 814 3385 947 3448; x_wconf 87' lang='lat' dir='ltr'>fulminis</span> <span class='ocrx_word' id='word_1_260' title='bbox 970 3389 1044 3466; x_wconf 89' lang='lat' dir='ltr'>ipsis</span> <span class='ocrx_word' id='word_1_261' title='bbox 1110 3410 1153 3452; x_wconf 77' lang='lat' dir='ltr'>oso</span> 
     </span>
     <span class='ocr_line' id='line_1_37' title="bbox 214 3471 1069 3554; baseline 0.005 -22"><span class='ocrx_word' id='word_1_262' title='bbox 214 3471 387 3552; x_wconf 92' lang='lat' dir='ltr'>corporibus</span> <span class='ocrx_word' id='word_1_263' title='bbox 410 3490 511 3534; x_wconf 87' lang='lat' dir='ltr'>rerum</span> <span class='ocrx_word' id='word_1_264' title='bbox 533 3474 715 3554; x_wconf 87' lang='lat' dir='ltr'>inciderunt,</span> <span class='ocrx_word' id='word_1_265' title='bbox 737 3491 795 3552; x_wconf 89' lang='lat' dir='ltr'>qua</span> <span class='ocrx_word' id='word_1_266' title='bbox 817 3481 897 3535; x_wconf 83' lang='lat' dir='ltr'>texta</span> <span class='ocrx_word' id='word_1_267' title='bbox 920 3482 1069 3536; x_wconf 86' lang='lat' dir='ltr'>tenentur.</span> 
     </span>
     <span class='ocr_line' id='line_1_38' title="bbox 203 3560 973 3644; baseline 0.004 -23"><span class='ocrx_word' id='word_1_268' title='bbox 203 3560 346 3624; x_wconf 83' lang='lat' dir='ltr'>dissoluit</span> <span class='ocrx_word' id='word_1_269' title='bbox 365 3579 460 3644; x_wconf 87' lang='lat' dir='ltr'>porro</span> <span class='ocrx_word' id='word_1_270' title='bbox 484 3560 570 3624; x_wconf 85' lang='lat' dir='ltr'>facilc</span> <span class='ocrx_word' id='word_1_271' title='bbox 593 3580 643 3624; x_wconf 89' lang='lat' dir='ltr'>aes</span> <span class='ocrx_word' id='word_1_272' title='bbox 666 3579 828 3642; x_wconf 88' lang='lat' dir='ltr'>aurumque</span> <span class='ocrx_word' id='word_1_273' title='bbox 851 3570 973 3642; x_wconf 83' lang='lat' dir='ltr'>reponte</span> 
     </span>
    </p>
   </div>
   <div class='ocr_carea' id='block_1_3' title="bbox 0 0 1224 3998">
    <p class='ocr_par' dir='ltr' id='par_1_18' title="bbox 0 0 1224 3998">
     <span class='ocr_line' id='line_1_39' title="bbox 0 0 1224 3998; baseline 0 0"><span class='ocrx_word' id='word_1_274' title='bbox 0 0 1224 3998; x_wconf 95' lang='lat' dir='ltr'> </span> 
     </span>
    </p>
   </div>
  </div>
 </body>
</html>
