2438 3998
163 210 226 276 182
644 210 683 265 VI

163 375 213 425 000
232 365 352 438 pectore
375 357 501 438 porfiro,
524 357 669 419 documen
691 357 863 419 mortalibus
886 377 967 439 aare,

233 453 263 506 et
284 447 384 525 potius
406 445 487 507 nulla
510 444 568 506 sibi
590 449 672 526 turpi
694 449 831 508 conscius
853 449 884 507 in
906 465 940 507 re

232 533 357 594 volvitur
379 535 411 593 in
433 533 559 594 flammis
580 535 719 595 innoxius
741 535 831 614 inque
852 534 972 615 peditur

47 680 49 687 ,
162 628 218 681 395
233 620 351 683 turbine
374 620 494 683 caelesti
517 620 614 683 subito
638 629 792 701 correptus
814 628 845 683 et
866 620 949 702 igni?
1130 647 1169 688 ces

233 728 287 771 cur
310 711 398 770 etiam
420 708 484 770 loca
507 709 569 771 sola
590 717 695 789 petunt
717 711 885 789 frustraque
907 708 1064 773 laborant?

159 815 215 864 000
233 816 271 859 au
292 805 356 859 tum
377 796 516 859 bracchia
538 805 736 860 consuescunt
758 799 933 879 firmantque
956 796 1134 861 lacertosi·

233 888 264 946 iu
286 893 424 966 terraque
447 888 540 966 patris
562 905 616 947 cur
638 886 730 948 telum
752 889 958 966 perpetiuntur

164 984 219 1037 309
234 971 379 1054 optundi?
415 993 468 1035 cur
490 976 554 1054 ipse
578 976 661 1055 sinit,
684 993 780 1052 neque
802 977 898 1054 parcit
919 977 950 1036 in
972 973 1092 1037 hostis?
1127 996 1167 1039 aaa

163 1064 264 1123 00410
285 1081 367 1124 mare
390 1081 448 1142 qua
469 1080 558 1141 porro
581 1064 673 1123 mittit
694 1059 829 1125 ratione?
865 1063 935 1143 quid
958 1063 1053 1125 undas
1127 1089 1169 1128 coa

162 1157 217 1209 005
233 1153 330 1230 arguit
352 1159 382 1211 et
403 1150 545 1229 liquidam
567 1150 676 1211 molem
698 1168 875 1230 camposque
897 1148 1048 1213 0000001οἳ
1127 1177 1168 1217 ecs

163 1253 215 1305 000
234 1238 361 1317 denique
384 1256 438 1300 cur
460 1256 620 1317 numquam
642 1237 722 1299 caelo
745 1240 816 1300 iacit
837 1239 967 1318 undique
989 1258 1066 1318 puro
1126 1265 1168 1305 coo

163 1327 364 1406 4011uppiter
386 1329 418 1386 in
439 1334 535 1387 terras
557 1325 667 1388 fulmen
691 1329 863 1405 sonitusque
886 1324 1060 1406 profundit?

233 1433 270 1475 an
293 1413 381 1474 simul
403 1433 437 1474 ac
459 1413 554 1475 nubes
577 1432 760 1495 successere,
782 1417 846 1494 ipse
869 1417 901 1475 in
923 1434 972 1477 eas
995 1423 1060 1477 tum

234 1501 398 1584 descendit,
420 1520 512 1582 prope
536 1509 569 1563 ut
590 1502 660 1563 hinc
681 1501 735 1563 teli
757 1502 934 1564 determinet
956 1500 1055 1565 ictus?
1126 1529 1168 1568 aas

163 1597 219 1650 400
234 1598 386 1670 praeterea
409 1592 436 1650 si
457 1589 520 1651 vult
541 1609 694 1652 caveamus
717 1590 848 1652 fulminis
865 1592 970 1672 ictum,
1126 1617 1168 1657 ace

163 1695 216 1746 000
234 1697 288 1749 our
309 1677 424 1741 dubitat
445 1679 541 1740 facere
564 1686 598 1740 ut
619 1681 768 1759 possimus
790 1677 1082 1743 eerneremissum?

229 1769 261 1849 el
281 1769 486 1846 necopinantis
509 1774 606 1828 autem
628 1766 688 1827 volt
710 1769 877 1846 opprimere
900 1769 974 1848 igni,

216 1852 288 1917 four
309 1863 392 1916 tonat
414 1874 450 1916 ex
473 1854 522 1916 iila
543 1863 640 1936 parte,
662 1862 696 1917 ut
716 1857 809 1916 vitare
832 1873 985 1936 queamus,

162 1951 287 2004 010000
308 1942 446 2004 tenebras
470 1950 536 2004 aute
560 1951 590 2005 et
612 1943 747 2004 fremitus
769 1950 800 2004 et
820 1961 973 2005 murmura
992 1941 1113 2007 concit?
1126 1969 1167 2008 00

234 2039 264 2093 00
286 2031 374 2093 simul
396 2033 427 2092 in
448 2030 555 2092 multas
578 2033 671 2110 partis
695 2033 746 2109 qui
768 2031 889 2093 credere
912 2033 1009 2111 possis

79 2123 81 2127 ’
163 2136 215 2186 405
232 2117 373 2181 mittere?
408 2137 446 2180 au
473 2119 528 2180 hoc
556 2121 636 2180 ausis
658 2137 819 2197 numquam
840 2119 1018 2181 contendere
1040 2121 1167 2203 factum,

233 2214 267 2268 ut
289 2208 394 2268 fierent
416 2209 492 2268 ictus
515 2224 574 2267 uno
598 2206 653 2267 sub
676 2215 809 2286 tempore
831 2204 954 2286 plures?

233 2302 263 2356 at
286 2302 403 2374 saepest
424 2312 547 2355 numero
570 2294 679 2355 factum
702 2296 826 2374 fierique
848 2302 1012 2377 necessest,

163 2390 217 2441 415
231 2390 265 2444 ut
287 2381 388 2462 pluere
411 2384 443 2442 in
464 2381 566 2442 multis
589 2382 758 2461 regionibus
783 2390 813 2443 et
834 2382 939 2444 cadere
962 2383 1082 2466 imbris,
1127 2409 1169 2449 ns

233 2469 356 2531 fulmina
379 2472 423 2530 sic
445 2488 504 2531 uno
528 2471 593 2531 fieri
616 2470 669 2531 sub
692 2478 825 2549 tempore
848 2470 946 2532 multa.

163 2576 223 2637 410..
232 2566 382 2637 postremo
406 2576 459 2618 cur
482 2565 581 2619 sancta
605 2557 693 2620 deum
715 2558 837 2619 delubra
860 2577 990 2643 suasque¹

233 2646 355 2730 discutit
377 2646 484 2715 infesto
507 2646 673 2726 praeclaras
696 2646 816 2707 fulmine
840 2647 926 2708 sedes

218 2742 263 2795 ‘et
284 2734 360 2795 bene
382 2734 457 2795 facta
480 2734 568 2796 deum
590 2735 700 2814 frangit
722 2734 877 2796 simulacra
899 2736 1020 2813 suisque

162 2829 220 2885 420
232 2823 324 2884 demit
345 2822 522 2902 imaginibus
545 2822 673 2884 violento
696 2823 815 2884 volnere
836 2819 1000 2885 honorem?
1126 2848 1168 2889 uo

233 2910 348 2990 altaque
371 2930 425 2972 cur
447 2910 621 2991 plerumque
643 2913 718 2990 petit
740 2911 816 2991 loca,
832 2910 1022 2989 plurimaque
1045 2914 1112 2972 eius

162 3015 214 3064 010
232 2999 381 3060 montibus
405 3002 436 3060 iu
460 3003 582 3061 summis
604 3001 728 3078 vestigia
750 3000 899 3060 ceruimus
922 2995 1021 3077 ignis?

275 3087 359 3158 Quod
383 3095 531 3168 superest,
554 3086 668 3148 facilest
689 3106 726 3148 ex
741 3087 795 3147 'his
818 3105 997 3166 cognoscere
1019 3086 1127 3170 rebus,

230 3183 381 3256 presteras
404 3175 473 3237 Grai
496 3193 571 3253 quos
593 3174 629 3235 ab
652 3193 684 3235 re
707 3176 933 3256 nominitarunt,

161 3271 215 3323 425
231 3265 263 3324 iu
285 3283 366 3325 mare
389 3282 447 3343 qua
469 3265 554 3323 missi
576 3264 696 3323 veniant
717 3264 830 3323 ratione
853 3281 990 3343 superne.
1127 3289 1169 3328 aas

231 3370 298 3413 uam
321 3353 354 3412 iit
375 3359 410 3413 ut
431 3351 581 3412 interdum
603 3357 751 3429 tamquam
774 3349 902 3412 demissa
924 3350 1059 3413 columna

160 3456 212 3507 420
231 3443 261 3501 in
284 3458 365 3501 mare
389 3439 425 3500 de
449 3437 528 3500 caelo
552 3439 723 3519 descendat,
746 3457 835 3517 quam
856 3439 932 3500 freta
954 3442 1068 3501 circum

230 3529 398 3589 fervescunt
420 3529 548 3606 graviter
571 3526 750 3606 spirantibus
773 3529 863 3589 incita
887 3527 1000 3608 flabris,
