2438 3998
133 226 175 290 68
616 224 656 278 IlI

204 390 325 432 sensum
348 372 438 431 animi
460 378 540 432 certa
563 387 624 430 non
647 388 713 430 esse
736 371 768 430 in
790 377 875 448 parte
897 369 1039 452 locatum,

203 477 306 521 verum
329 458 462 519 habitum
485 459 632 536 quendam
655 457 773 517 vitalem
797 459 930 536 corporis
953 476 1033 539 esse,

135 564 186 614 100
203 547 387 607 harmoniam
410 544 479 606 Grai
502 564 588 625 quam
612 546 726 626 dicunt,
750 544 828 623 quod
851 545 938 605 faciat
960 564 1016 606 nos

203 638 302 695 vivere
325 652 392 694 cum
414 652 518 713 sensu,
541 633 621 694 nulla
644 651 713 694 cum
735 635 767 693 in
790 639 873 711 parte
897 635 955 693 siet
977 651 1076 714 mens3

204 730 238 783 ut
259 721 336 782 bona
360 740 446 800 saepe
469 720 603 781 valetudo
627 739 694 780 cum
718 719 827 780 dioitm
850 738 916 780 esse

205 812 351 890 corporis,
374 817 404 870 et
426 827 486 869 non
509 815 675 869 esttamen
697 808 769 868 haec
791 825 861 886 pars
883 807 943 868 ulla
965 808 1104 889 valentis3

205 900 249 957 sic
273 900 363 957 animi
386 915 507 958 sensum
528 914 588 956 non
611 903 691 956 certa
713 902 797 974 parte
822 903 983 973 reponunt:

137 1001 186 1050 105
205 1004 311 1063 magno
335 1003 423 1063 opere
447 988 478 1044 in
502 1002 560 1062 quo
583 986 625 1043 mi
647 983 757 1043 diversi
780 1000 880 1043 errare
904 984 1049 1045 videntur.

206 1092 293 1152 saepe
317 1075 415 1151 itaque
439 1076 470 1131 in
495 1078 634 1150 promptu
656 1089 765 1149 corpus
784 1070 862 1149 quod
881 1075 1013 1133 cernitur
1031 1080 1142 1152 aegret‚

106 1205 111 1213 .
205 1179 274 1221 cum
295 1167 394 1221 tamen
417 1179 454 1219 ex
477 1159 532 1220 alia
555 1159 698 1219 laetamur
719 1165 803 1238 parte
826 1157 942 1219 latenti:

206 1255 236 1308 et
258 1255 338 1308 retro
362 1248 394 1307 lit
416 1249 461 1307 uti
484 1254 586 1307 contra
609 1249 648 1306 sit
670 1264 758 1325 saepe
780 1247 925 1325 vicissim,

206 1354 272 1395 cum
296 1337 388 1394 miser
411 1353 447 1394 ex
470 1336 567 1394 animo
590 1333 715 1394 laetatur
738 1351 862 1412 corpore
885 1341 959 1414 toto;

138 1441 189 1496 110
206 1441 265 1482 non
289 1423 345 1481 alio
368 1428 453 1499 pacto
476 1439 564 1499 quam
587 1424 625 1502 si,
648 1440 701 1500 pes
725 1439 792 1482 cum
815 1420 895 1480 dolet
917 1439 1017 1502 aeger,

207 1514 238 1569 in
260 1508 340 1569 nullo
364 1516 451 1587 caput
473 1512 587 1570 interea
610 1511 650 1569 sit
671 1509 746 1569 forte
770 1509 879 1568 dolore.

206 1604 359 1676 praeterea
381 1595 462 1656 molli
485 1615 553 1658 cum
576 1614 680 1657 somno
703 1597 801 1657 dedita
824 1596 957 1657 membra

207 1686 392 1762 effusumque
415 1686 491 1744 iacet
514 1687 577 1744 sine
601 1703 692 1746 sensu
715 1703 822 1763 corpus
846 1691 998 1764 onustum,

206 1781 252 1832 est
275 1773 353 1833 aliud
375 1779 474 1832 tamen
496 1775 528 1832 in
550 1771 636 1831 nobis
659 1772 737 1851 quod
760 1779 893 1849 tempore
916 1774 948 1831 in
971 1771 1020 1831 illo

139 1878 188 1926 115
206 1859 388 1921 multimodis
412 1863 538 1938 agitatur
560 1866 590 1919 et
613 1863 708 1920 omnis
731 1862 839 1938 accipit
860 1861 892 1919 in
915 1877 947 1919 se

206 1948 334 2007 laetitiae
357 1954 455 2007 motus
478 1954 508 2008 et
530 1965 616 2008 curas
639 1948 738 2008 cordis
759 1949 864 2007 inanis.

207 2052 286 2094 nunc
304 2037 430 2094 animam
450 2053 565 2112 quoque
584 2037 666 2095 utin
684 2033 826 2095 membris
844 2051 1023 2112 cognoscere
1043 2039 1142 2114 possis

208 2141 287 2203 esse,
310 2140 405 2199 neque
428 2121 580 2181 harmonia
604 2140 711 2201 corpus
735 2124 846 2183 sentire
869 2121 978 2202 solere,

207 2210 353 2288 principio
376 2210 409 2269 fit
432 2211 476 2269 uti
499 2209 629 2269 detracto
654 2227 777 2288 corpore
799 2207 892 2269 multo

140 2315 189 2363 120
208 2315 295 2376 saepe
317 2303 416 2356 tamen
438 2295 524 2356 nobis
546 2299 578 2356 in
601 2296 741 2356 membris
764 2299 823 2357 vita
845 2303 991 2358 moretur:

209 2392 295 2462 atque
320 2384 421 2444 eadem
444 2402 576 2465 rursum,
599 2402 667 2445 cum
690 2402 814 2463 corpora
836 2402 929 2463 pauca
951 2384 1057 2445 caloris

208 2473 351 2549 diffugere
374 2472 510 2550 forasque
533 2491 587 2551 per
610 2490 643 2532 os
666 2479 712 2532 est
735 2472 831 2532 editus
854 2477 917 2552 adr,

208 2560 320 2620 deserit
342 2559 488 2638 extemplo
511 2578 601 2620 venas
624 2567 711 2638 atque
735 2577 802 2619 ossa
824 2559 979 2639 relinquit3

208 2666 331 2708 noscere
355 2654 388 2708 ut
409 2648 479 2708 hinc
501 2650 598 2727 possis
620 2665 680 2708 non
703 2665 811 2725 aequas
835 2649 932 2706 omnia
954 2649 1048 2724 partis

140 2753 189 2800 125
209 2754 332 2814 corpora
354 2735 463 2796 habere
486 2753 582 2813 neque
606 2755 642 2795 ex
665 2753 759 2813 aequo
782 2733 886 2795 fulcire
910 2732 1048 2815 salutem,

209 2823 261 2883 sed
284 2826 377 2900 magis
400 2824 485 2904 haec,
508 2826 589 2883 venti
611 2841 685 2902 quae
709 2829 779 2883 sunt
801 2820 946 2899 calidique
969 2824 1088 2901 vaporis

209 2913 334 2991 semina,
358 2929 462 2971 curare
485 2913 517 2970 in
539 2909 680 2970 membris
703 2917 736 2971 ut
758 2913 818 2971 vita
839 2915 934 2970 moret
972 2955 979 2970 .

208 3005 255 3058 est
277 3000 367 3076 igitur
390 2997 470 3058 calor
492 3016 526 3058 ac
548 3006 653 3058 ventus
675 2997 772 3058 vitalis
795 2999 827 3058 in
849 2999 914 3076 ipso

209 3103 346 3165 corpore,
370 3088 421 3162 qui
443 3084 530 3144 nobis
552 3085 744 3145 moribundos
768 3084 879 3145 deserit
901 3091 990 3145 artus,

139 3189 190 3237 130
209 3178 389 3250 quapropter
411 3174 579 3249 quoniamst
600 3175 691 3232 animi
712 3180 817 3234 natura
840 3180 958 3250 reperta

209 3266 297 3337 atque
321 3260 434 3318 animae
459 3261 543 3337 quasi
564 3278 633 3339 pars
656 3260 798 3341 hominis,
822 3259 913 3320 redde
936 3259 1101 3320 harmoniai

208 3364 330 3426 nomen,
353 3346 387 3405 ad
413 3348 566 3425 organicos
589 3346 647 3407 alto
670 3347 799 3408 delatum
821 3346 968 3428 Heliconi3

209 3436 270 3494 sive
294 3433 411 3494 aliunde
435 3436 493 3512 ipsi
515 3453 604 3513 porro
627 3442 744 3496 traxere
767 3437 850 3495 etin
872 3434 952 3494 illam

208 3521 436 3602 transtulerunt,
459 3524 579 3601 proprio
603 3541 677 3601 quae
700 3530 764 3584 tum
787 3541 836 3584 res
858 3525 978 3582 nomine
1001 3522 1114 3601 egebat.
