2438 3998
571 245 611 300 IV
1050 241 1091 307 99

112 394 192 460 95in
213 401 353 472 promptu
376 394 542 471 quoniamst
564 394 595 452 in
617 394 713 471 prima
736 392 831 452 fronte
854 391 954 452 locata.
1065 418 1091 459 cr

90 488 312 559 eaopraeterca
335 482 474 559 quoniam
496 479 632 540 manibus
655 487 778 541 tractata
800 481 893 559 figura
1055 500 1094 540 roo

161 567 346 629 intenebris
369 568 511 647 quaedam
535 570 723 646 cognoscitur
745 587 809 630 esse
833 568 1032 647 eademque

92 674 143 724 loo
162 659 294 717 cernitur
316 659 348 717 in
369 656 435 718 luce
459 664 488 717 ct
511 655 589 717 claro
612 655 751 737 candore,
774 664 925 718 necessest

90 762 147 813 231
162 745 308 806 consimili
331 763 418 806 causa
441 751 552 805 tactum
574 747 727 823 visumque
750 747 869 805 moveri.

162 852 240 894 nunc
262 827 354 911 igitur
375 835 402 894 si
425 832 598 912 quadratum
620 840 797 911 temptamus
821 839 851 892 et
872 832 901 892 id
924 850 978 892 nos

162 928 327 982 commovet
347 923 379 981 in
401 920 547 1001 tenebris,
570 923 601 982 in
624 920 684 981 luci
707 939 781 999 quae
803 922 912 999 poterit
934 938 982 980 res
1055 941 1094 983 coc

162 1009 295 1071 accidere
319 1009 354 1069 ad
378 1011 507 1088 speciem
530 1009 684 1089 quadrata,
706 1010 766 1070 nisi
787 1011 852 1069 eius
875 1004 992 1086 imago?

92 1115 144 1164 105
164 1116 229 1159 esse
252 1100 284 1157 in
306 1096 485 1175 imaginibus
508 1105 687 1176 quapropter
708 1115 796 1157 causa
818 1096 934 1156 videtur

91 1203 147 1254 236
161 1184 306 1247 cernundi
327 1203 423 1264 neque
446 1203 534 1265 posse
557 1188 621 1246 sine
644 1185 691 1246 his
713 1203 763 1246 res
785 1184 844 1245 ulla
865 1184 967 1244 videri.
1057 1203 1095 1242 333

110 1293 147 1343 96
163 1280 313 1354 postremo
337 1272 465 1352 speculis
488 1275 519 1333 in
542 1292 615 1352 aqua
640 1273 853 1353 splendoreque
875 1275 907 1332 in
930 1274 1011 1332 omni
1069 1290 1095 1331 33

164 1380 365 1442 quaecumque
389 1369 531 1440 apparent
553 1361 638 1423 nohis
662 1361 830 1441 simulacra,
853 1367 1017 1441 necessest,

163 1450 399 1531 quandoquidem
423 1449 512 1510 simili
535 1452 633 1528 specie
657 1457 725 1511 sunt
746 1450 878 1529 praedita
900 1467 1014 1530 rerum,
1058 1471 1096 1510 roo

93 1562 145 1611 110
164 1558 200 1600 ex
223 1558 257 1599 ea
279 1537 455 1617 imaginibus
478 1540 578 1598 missis
601 1540 762 1599 consistere
784 1556 897 1598 rerum:
1057 1558 1096 1598 ror

93 1651 149 1702 102
164 1635 233 1689 sunt
254 1629 345 1706 igitur
367 1633 472 1687 tenues
495 1627 605 1686 lormac
628 1644 728 1686 rerum
751 1625 920 1704 similesque
1058 1647 1097 1686 ror

164 1717 291 1795 effigiae,
315 1713 484 1793 singillatim
507 1733 580 1793 quas
603 1731 724 1775 eernere
747 1732 834 1773 nemo
1058 1732 1096 1773 105

164 1823 231 1865 cum
254 1805 360 1882 possit,
383 1808 482 1864 tamen
505 1802 626 1863 adsiduo
650 1800 813 1880 crebroque
835 1800 957 1880 repulsu

93 1916 148 1966 105
164 1895 289 1953 reiectae
314 1891 441 1952 reddunt
463 1890 650 1970 speculorum
673 1907 709 1950 ex
732 1907 858 1968 aequore
880 1891 988 1970 risum,

95 2006 146 2054 115
164 2000 219 2041 nec
241 1982 353 2041 ratione
377 1979 433 2040 alia
456 1981 567 2040 servari
589 1996 677 2058 posse
700 1979 848 2058 videntur,

164 2077 245 2130 tanto
269 2086 357 2146 opere
381 2074 415 2128 ut
437 2067 549 2128 similes
572 2067 734 2128 reddantur
756 2068 861 2145 cuique
884 2066 1003 2145 figurae.

94 2182 151 2234 127
209 2157 267 2217 Sed
290 2174 327 2216 ne
351 2156 426 2216 lorte
449 2162 535 2234 putes
559 2173 593 2216 ea
616 2155 734 2216 demum
757 2153 818 2215 sola
841 2157 952 2234 vagari,

166 2261 366 2325 quaecumque
389 2243 426 2303 ab
448 2244 538 2304 rebus
561 2254 661 2305 rerum
685 2242 840 2303 simulacra
863 2242 1017 2322 recedunt,

167 2341 236 2395 sunt
257 2335 345 2393 etiam
368 2350 442 2410 quae
466 2339 569 2411 sponte
593 2350 645 2393 sua
668 2334 828 2410 gignuntur
851 2333 965 2409 etipsa

96 2447 147 2495 120
167 2423 386 2484 constituuntur
409 2422 441 2480 in
462 2420 519 2481 hcc
542 2420 635 2500 caelo,
659 2422 710 2498 qui
733 2419 841 2480 dicitur
862 2423 921 2479 aer.

96 2535 149 2584 131
168 2528 241 2590 quae
264 2508 367 2569 multis
389 2508 511 2570 formata
533 2509 629 2568 modis
652 2507 776 2568 sublime
799 2508 933 2567 seruntur

166 2618 222 2661 nec
245 2599 374 2676 speciem
396 2603 510 2657 mutare
534 2614 618 2658 suam
640 2596 781 2675 liquentia
804 2601 920 2656 cessant

167 2696 197 2749 et
220 2689 362 2764 cuiusque
385 2685 465 2745 modi
487 2686 647 2746 formarum
669 2691 783 2744 vertere
805 2686 837 2743 in
860 2701 939 2762 oras3

167 2784 201 2838 ut
222 2774 316 2836 nubes
339 2773 423 2833 facile
446 2773 594 2833 interdum
617 2790 807 2833 concrescere
831 2773 862 2830 in
884 2770 942 2830 alto

99 2885 150 2935 125
169 2865 317 2925 cernimus
341 2860 495 2922 elmundi
518 2863 647 2941 speciem
669 2859 777 2920 violare
802 2877 949 2938 serenam,

97 2973 151 3024 136
168 2958 236 3015 aera
258 2949 420 3011 mulcentes
443 2956 538 3010 motu:
561 2967 628 3009 nam
652 2966 738 3028 saepe
761 2946 917 3025 Gigantum

168 3060 219 3103 ora
241 3039 338 3100 volare
361 3038 498 3098 videntur
521 3045 550 3098 ct
572 3036 705 3098 umbram
728 3036 835 3097 ducere
858 3035 929 3115 late,

132 3196 135 3202 ,
169 3128 318 3191 interdum
340 3128 439 3205 magni
460 3133 575 3186 montes
598 3125 752 3205 avolsaque
775 3143 843 3185 saxa

168 3215 318 3280 montibus
341 3217 452 3276 anteire
477 3221 507 3274 et
529 3212 621 3274 colem
644 3212 802 3275 succedere
825 3219 955 3292 practer,

101 3325 150 3374 130
169 3308 237 3368 inde
261 3304 333 3366 alios
356 3303 472 3364 trahere
496 3310 583 3381 atque
605 3302 746 3363 inducere
769 3300 855 3361 belua
878 3299 1001 3360 nimbos.
1061 3323 1101 3362 140

99 3413 153 3464 166
210 3389 219 3479 Η
232 3392 388 3453 Praeterea
410 3391 496 3451 modo
521 3409 587 3451 cum
610 3391 699 3452 fuerit
721 3389 916 3468 liquidissima
939 3386 1011 3449 caeli
1062 3410 1100 3450 rcc

168 3488 341 3563 tempestas,
363 3497 506 3559 perquam
528 3478 625 3539 subito
648 3479 681 3538 lit
702 3477 820 3538 turbida
844 3476 941 3558 loede,

450 3564 512 3629 102
532 3585 574 3645 sq.
590 3595 630 3616 =
646 3561 689 3628 65
708 3584 750 3645 sq.

852 3664 889 3714 7*
