2438 3998
185 200 229 267 46
671 202 698 255 11

256 367 294 409 ne
317 349 460 427 quaedam
483 366 570 426 cogas
593 350 706 409 inmani
728 351 911 410 maximitate

257 454 336 518 esse,
360 455 448 516 supra
472 436 549 515 quod
573 438 631 496 iam
654 437 742 498 docui
763 455 823 498 non
845 456 933 517 posse
955 438 1085 518 probari.

680 545 698 580 ’lt

187 620 238 670 500
257 615 316 673 iam
338 612 394 675 tibi
416 612 586 674 barbaricae
600 604 706 674 ¹vestes
727 612 928 693 Meliboeaque
951 614 1067 693 fulgens

256 719 388 782 purpura
410 701 580 763 Thessalico
603 701 781 762 concharum
803 702 911 762 iniecta
934 702 1031 763 colore

257 790 408 868 caudaque
430 807 576 869 pavonum
598 790 708 850 ridenti
731 789 843 850 imbuta
865 789 965 869 lepore
1029 832 1032 836 -

258 895 344 939 caeca
366 896 441 939 novo
464 896 564 939 rerum
588 885 726 957 superata
748 879 847 939 colore
869 881 1001 940 iacerent

258 973 288 1027 et
310 973 495 1046 contemptus
519 966 592 1026 odor
614 985 750 1045 smyrnae
772 965 927 1046 mellisque
951 986 1084 1048 sapores,

187 1063 238 1112 505
258 1062 289 1115 et
310 1073 418 1133 cycnea
440 1053 517 1114 mele
539 1053 732 1133 Phoebeaque
756 1053 875 1115 daedala
897 1055 1016 1116 chordis

258 1145 387 1204 carmina
410 1141 558 1203 consimili
580 1145 693 1203 ratione
717 1161 858 1222 oppressa
881 1143 1016 1205 silerent:

257 1249 384 1310 namque
407 1229 473 1291 aliis
496 1228 575 1290 aliud
596 1233 794 1310 praestantius
818 1238 999 1292 exoraretur.

258 1320 363 1381 cedere
386 1321 458 1379 item
480 1325 561 1378 retro
583 1327 705 1397 possent
726 1321 758 1379 in
781 1319 943 1380 deteriores

258 1409 356 1467 omnia
379 1409 422 1467 sic
445 1408 550 1487 partis,
575 1414 609 1467 ut
632 1407 759 1468 diximus
781 1409 813 1467 in
835 1407 979 1468 melioris:

188 1503 239 1552 510
258 1513 384 1574 namque
408 1494 473 1554 aliis
497 1494 575 1554 aliud
598 1501 678 1555 retro
702 1513 819 1574 quoque
840 1499 964 1557 taetrius
987 1503 1066 1555 esset

258 1583 381 1645 naribus
404 1582 524 1643 auribus
548 1589 635 1662 atque
658 1583 752 1644 oculis
775 1585 895 1663 orisque
918 1586 1024 1662 sapori.

259 1691 333 1752 0000
357 1673 495 1752 quoniam
517 1689 578 1732 non
600 1678 682 1751 sunt,
704 1669 759 1733 sed
779 1671 869 1732 rebus
892 1672 1007 1732 reddita
1030 1681 1111 1732 certa

259 1762 327 1822 linis
349 1763 498 1838 utrimque
521 1767 602 1820 tenet
625 1777 782 1841 summam,
805 1761 915 1821 fateare
938 1769 1089 1821 necessest

258 1851 411 1910 materiem
435 1866 552 1928 quoque
574 1849 665 1909 finitis
688 1847 807 1908 differre
830 1849 941 1927 figuris.

189 1946 241 1994 505
260 1937 387 2015 denique
411 1935 448 1997 ab
470 1936 588 2015 ignibus
611 1937 647 1997 ad
671 1936 782 2015 gelidas
805 1939 863 1997 iter
885 1955 979 2016 usque
1001 1939 1124 2015 pruinas

259 2026 404 2085 finitumst
425 2031 564 2103 retroque
584 2027 649 2104 pari
671 2027 785 2085 ratione
808 2032 1014 2085 remensumst.

260 2115 355 2173 omnis
378 2113 457 2172 enim
481 2111 560 2174 calor
582 2131 616 2173 ac
638 2113 732 2190 frigus
754 2112 903 2191 mediique
926 2121 1045 2192 tepores

259 2204 480 2279 interutrasque
501 2202 598 2261 iacent
620 2200 772 2280 explentes
797 2201 899 2261 ordine
923 2219 1080 2262 summam:

259 2307 330 2368 ergo
353 2289 435 2348 finita
458 2287 568 2348 distant
590 2291 705 2350 ratione
728 2297 838 2370 creata,

189 2387 241 2436 520
260 2379 381 2456 ancipiti
404 2379 542 2455 quoniam
563 2380 700 2438 mucroni
721 2379 870 2456 utrimque
892 2384 1044 2458 notantur,

260 2467 329 2527 hinc
352 2465 478 2525 flammis
500 2463 582 2525 illinc
604 2464 709 2544 rigidis
732 2466 839 2525 infesta
860 2467 984 2544 pruinis.

304 2553 387 2626 Quod
416 2555 553 2633 quoniam
576 2553 675 2634 docui,
703 2571 823 2633 pergam
850 2560 1005 2614 conectere
1030 2572 1095 2614 rem
1118 2572 1193 2632 quae

260 2663 296 2704 ex
317 2642 374 2704 hoc
397 2649 463 2722 apta
485 2642 573 2703 fidem
595 2641 695 2723 ducat,
717 2641 879 2722 primordia
901 2660 1014 2723 rernm,

260 2735 339 2793 inter
362 2749 394 2792 00
418 2730 508 2791 simili
530 2748 604 2810 0000
628 2736 697 2790 0000
718 2730 849 2809 perlecta
871 2730 976 2810 figura,

191 2829 242 2878 505
261 2821 375 2881 infinita
398 2819 506 2881 cluere.
543 2820 653 2879 etenim
676 2818 815 2879 distantia
838 2835 904 2878 cum
928 2820 968 2878 sit

261 2909 422 2968 formarum
444 2908 540 2988 finita,
563 2914 715 2968 necessest
737 2925 811 2985 0000
834 2905 945 2966 similes
969 2907 1028 2965 sint

261 3015 327 3057 esse
350 2995 494 3076 infinitas,
517 3001 567 3055 000
590 3012 734 3055 summam
757 2996 890 3054 materiai

261 3086 374 3144 finitam
396 3089 545 3163 constare,
568 3082 599 3143 id
622 3082 700 3162 quod
723 3100 783 3143 non
806 3101 871 3143 csse
894 3081 1024 3161 probavi.

683 3189 701 3229 0

264 3258 396 3320 versibus
419 3257 535 3318 ostendi
559 3258 733 3338 corpuscula
755 3260 889 3320 materiai

198 3358 248 3412 530
262 3366 297 3408 ex
321 3347 436 3408 infinito
460 3364 604 3406 summam
627 3366 726 3408 rerum
752 3366 845 3427 usque
868 3355 970 3407 tenere

261 3436 392 3515 undique
415 3433 528 3516 protelo
551 3434 703 3514 plagarum
726 3438 902 3497 continuato.

263 3543 330 3587 nam
354 3524 431 3604 quod
454 3542 521 3584 0000
542 3523 625 3584 vides
648 3527 741 3604 magis
764 3542 829 3585 esse
853 3523 988 3584 animalia
1012 3523 1155 3601 quaedam
