2438 3998
447 198 729 259 PROLEGOMENA.
983 196 1094 253 LXXIX

80 348 126 409 est
139 343 247 426 torpens
257 391 268 408 κ.
279 391 303 407 ..
318 343 432 408 ordor?
464 344 579 410 soatint
595 350 624 410 et
634 345 750 427 dorios
767 345 822 428 poi
839 345 924 410 oo'sns
941 343 1094 414 moodnn'

81 435 272 516 eneqoeoo,
291 433 421 516 <inpono
438 437 483 497 ost
499 482 635 511 ........
649 434 698 515 ed>
717 434 772 516 pno'
788 453 852 499 non
870 436 941 498 onte
959 431 1094 515 ottonem

80 520 230 587 mnenon
250 521 342 600 oido't,
364 525 394 585 et
414 521 522 604 inpone
541 532 609 587 eta:
632 522 687 604 qni
708 522 794 589 enno
814 522 973 587 monimus
992 521 1021 587 eo'
1038 519 1094 605 qni

80 629 144 675 non
225 610 284 683 00.
303 611 413 673 Vahlen
431 612 449 673 l.
469 632 492 673 o.
516 631 544 692 p.
565 609 615 675 15.
651 611 767 676 Nollem
793 612 864 675 olim
886 611 1015 675 Vahleno
1042 610 1092 672 ad·

83 719 189 762 sensus
217 718 322 762 essem.
363 718 432 761 nam
463 719 560 780 neque
587 701 687 784 rideo,
719 700 866 781 quomodo
898 707 949 763 out
979 719 1016 762 ex
1048 701 1093 763 eis

84 807 157 869 quoe
184 788 368 868 praecedunt
393 796 445 850 aut
472 808 508 850 ex
535 792 580 851 eis
608 808 683 869 quae
711 797 875 869 sequuntur
902 787 1092 868 subintellegi

81 879 177 957 possit
204 877 283 956 quod
311 894 386 957 opus
413 883 459 938 ost
486 873 603 956 ‘ingens
631 872 697 958 est',
727 885 757 939 ot
788 879 866 939 inest
896 879 928 937 in
955 876 1092 939 codicum

82 965 181 1026 verbis
204 967 305 1045 inepta
327 964 500 1047 tautologia,
527 984 587 1027 non
614 965 699 1028 alitor
724 984 758 1027 ao
782 967 808 1026 si
830 972 932 1027 nostro
955 982 1092 1026 sermone

83 1054 164 1115 dieas
198 1048 263 1114 ‘der
294 1059 409 1132 groseto
436 1054 522 1134 lluss,
554 1054 612 1116 deu
640 1053 762 1134 jemand
788 1054 918 1134 gesohen
943 1053 1007 1136 hat,
1039 1052 1092 1113 dor

83 1142 192 1202 keinen
223 1147 382 1220 grdssoren
413 1142 543 1222 gesehen
573 1137 644 1204 hat'.
684 1141 861 1223 prudentius
892 1141 954 1202 Lm.
988 1137 1092 1221 pendete

83 1231 128 1292 est
147 1227 318 1311 mandendo,
345 1229 471 1310 probant
493 1229 525 1292 B.
549 1237 579 1291 et
600 1228 663 1311 llr,
686 1229 739 1291 sed
761 1247 821 1293 non
844 1232 997 1310 quaeritur
1019 1228 1091 1309 quid

83 1321 244 1379 maximum
267 1320 319 1398 sit,
343 1317 395 1379 sed
419 1317 490 1397 quid
513 1320 617 1397 ingens
641 1321 693 1399 sit,
716 1318 752 1380 ol.
775 1336 801 1380 v.
816 1315 891 1381 670.
910 1351 954 1363 -
972 1315 1038 1380 690
1047 1335 1091 1397 sq.

82 1404 141 1468 naa
160 1403 207 1469 o'ro
226 1403 451 1485 fatendumst*
468 1405 522 1468 ΜΓ.
549 1408 756 1486 etperoetrore
776 1404 877 1470 nom
892 1403 1020 1490 penitus
1041 1421 1091 1471 ree

82 1491 162 1573 oepit
186 1497 306 1572 aperta.
342 1495 379 1556 de
401 1495 505 1558 lacuna
527 1494 594 1555 vide
616 1513 642 1556 v.
658 1513 688 1576 p.
706 1494 817 1555 XXVII.
854 1493 925 1573 quid
948 1493 1093 1555 exciderit

84 1599 270 1660 nequaquam
294 1589 421 1662 constat,
449 1580 484 1643 of.
509 1589 608 1643 tamen
631 1601 706 1660 quae
728 1581 821 1645 Bentl.
844 1581 882 1643 de
905 1600 937 1642 ro
961 1581 1092 1662 disputat

85 1671 116 1729 in
138 1667 225 1729 Luor.
250 1668 294 1730 ed.
313 1668 326 1729 1
344 1667 520 1748 Glasguensi
541 1669 577 1731 ad
598 1669 616 1730 l.
634 1669 672 1730 lV
684 1668 750 1732 466
760 1689 804 1750 sq.
841 1671 976 1749 suspicor
998 1671 1092 1749 scrip·

84 1764 147 1817 tum
171 1775 237 1818 esse
260 1776 276 1817 a
300 1763 388 1836 poeta
412 1773 463 1820 ree
488 1755 568 1839 oepit
587 1758 708 1840 aperto,
736 1756 814 1838 quod
841 1766 888 1819 ost
913 1752 1092 1839 ἐνάργημα,

85 1845 120 1906 ol.
143 1843 180 1906 ad
202 1844 242 1905 lll
265 1842 338 1908 353.
373 1863 439 1908 rem
461 1853 592 1925 apertam
618 1854 691 1927 puto
718 1845 827 1908 dietam
852 1863 918 1908 esse
942 1844 1091 1906 declarare

85 1932 204 2012 aliquid.
226 1966 272 1977 —
296 1931 359 1996 705
369 1953 413 2014 sq.
442 1930 538 1997 Ndns
625 1932 780 1999 redundat
803 1932 913 1996 nntetes
934 1931 971 1996 e'n
993 1931 1091 2010 terete,

84 2017 217 2101 Aeppptt
230 2018 321 2084 totins
334 2020 446 2085 nonnae.
477 2025 526 2084 rix
539 2023 703 2085 credideris
714 2022 934 2085 Lachmannum
948 2021 1092 2102 virgulam

84 2117 152 2189 post
165 2107 256 2171 terris
270 2108 413 2171 sublatam
426 2118 495 2190 post
511 2109 666 2175 redundat
676 2129 800 2192 ponere:
819 2130 908 2191 quom
927 2118 1093 2190 sequuntur

87 2199 118 2256 in
141 2204 243 2276 aperto
266 2216 368 2259 errore
390 2198 422 2260 Β.
441 2206 472 2260 et
493 2198 545 2260 ΜΓ.
569 2234 612 2245 -
637 2197 699 2262 731
722 2217 801 2279 enee
821 2200 905 2263 stent
924 2195 991 2262 ooo
1012 2215 1094 2265 ernn-

85 2301 141 2364 qne
167 2281 310 2365 twnoqne
335 2285 431 2348 Brun:
462 2285 528 2350 sint
552 2287 610 2360 00.
633 2288 699 2350 edd.
722 2321 767 2333 -
790 2287 853 2352 733
880 2305 939 2368 qno
960 2279 1093 2351 {Averno

84 2375 231 2436 oooontnr
256 2371 380 2437 nomine
401 2375 463 2436 Lm.
486 2375 518 2438 B.
549 2375 631 2456 qnod
711 2373 835 2447 nornine
856 2376 915 2449 00.
937 2375 991 2437 Mr.
1015 2376 1094 2455 quod

86 2480 190 2522 vereor
212 2470 245 2522 nt
266 2461 391 2524 latinum
413 2466 460 2526 sit
487 2497 530 2508 —
555 2463 618 2528 742
640 2466 686 2528 eae
706 2470 743 2528 et
764 2461 932 2528 Athenaeis
954 2463 1094 2537 edna:

85 2551 122 2612 nt
138 2548 199 2612 Lm.
213 2549 245 2611 B.
269 2569 295 2613 v.
313 2571 341 2632 p.
356 2550 452 2613 XXIV.
471 2587 514 2596 —
534 2551 597 2615 748
616 2549 803 2616 nottorotoet
820 2569 896 2633 opor
912 2550 1009 2635 efflent
1023 2549 1096 2632 epse

84 2640 193 2717 napo
215 2638 288 2711 00.;
315 2639 520 2702 Lachmannus
543 2659 639 2720 nequo
662 2645 695 2703 iu
712 2641 795 2703 hiatu
817 2659 913 2721 neque
937 2643 969 2701 in
985 2641 1095 2720 snepte

86 2728 175 2788 nimis
197 2729 327 2806 graviter
345 2728 479 2790 offendit:
501 2747 603 2791 vooom
620 2745 697 2810 opus
715 2731 788 2791 ferri
805 2748 893 2811 posse
912 2736 1008 2810 negat,
1025 2730 1094 2791 irri-

87 2817 179 2964 gigge,
198 2818 420 2984 quam
437 2817 525 2878 huius
538 2820 621 2967 rooba
634 2820 1095 2969 grazitatmudporspffib

161 2921 262 2984 sqq.q
413 2921 591 2967 es...rnon
622 2922 749 2968 ennea
799 2922 830 2969 n
879 2921 940 2968 roos

86 2989 145 3063 00.
159 2991 224 3053 odd.
240 2993 275 3053 ol.
289 3013 318 3074 p.
332 2992 406 3054 XIX.
421 3025 464 3036 —
484 2990 548 3056 754
564 2991 675 3074 pudes
689 3011 710 3058 e
725 2992 809 3076 dont
823 2991 926 3057 oensis
945 2993 1003 3066 00.
1014 2993 1094 3056 edd:

85 3077 196 3160 effiont
211 3080 283 3161 Lm,
305 3083 371 3143 siue
394 3100 489 3143 causa.
513 3115 556 3125 —
578 3099 617 3145 ne
632 3084 742 3161 ferte
763 3080 813 3145 tots
830 3079 1005 3163 reddendus
1026 3080 1094 3143 lira

85 3184 124 3229 ne
138 3169 212 3248 pote
232 3165 262 3230 ts
284 3168 342 3241 00.
375 3165 484 3233 Pnteis
505 3169 568 3231 Lm.
586 3170 618 3232 B.
641 3204 685 3215 -
714 3169 775 3234 781
788 3190 831 3251 sq.
859 3179 927 3232 ante
957 3169 1095 3251 llisqq.

87 3255 210 3317 oollooat
231 3254 401 3338 Kannneng.
425 3258 495 3320 diss
518 3278 546 3338 p.
565 3257 616 3320 40.
640 3292 683 3304 -
708 3257 772 3322 772
782 3276 825 3339 sq.
847 3276 907 3338 per
932 3257 1020 3339 t'ptsas
1046 3258 1096 3321 in·

84 3341 215 3406 stnnont
229 3343 319 3408 noris
336 3344 451 3425 infesto
467 3347 557 3426 otone
574 3363 686 3428 omero
703 3364 801 3412 sese:
822 3349 904 3412 teoto
922 3347 991 3430 00.,
1015 3348 1094 3427 quod

87 3450 123 3493 ox
144 3452 233 3495 versu
250 3436 385 3513 proximo
403 3435 461 3497 huo
479 3437 608 3516 irrepsit.
622 3469 664 3480 -
685 3434 749 3500 792
759 3455 802 3517 sq.
825 3432 983 3507 recolens
1001 3434 1096 3498 etiem

85 3523 227 3585 ennetere
244 3518 380 3585 tonando
391 3519 516 3603 plenior
534 3525 721 3603 etflendo
744 3527 851 3605 soripsi
873 3543 927 3604 pro
950 3520 1095 3603 effneerts,

85 3608 238 3672 lenissima
258 3614 429 3695 mutatione,
451 3630 511 3674 nou
532 3615 673 3693 ignorans
697 3620 796 3676 tomen
815 3611 947 3674 vooulam
968 3613 998 3675 et
1018 3611 1096 3691 apud
