2438 3998
142 247 184 312 26
640 247 653 301 Ι

143 400 198 451 910
215 399 245 454 01
268 411 342 472 quos
365 395 445 455 inter
467 412 499 454 se
523 393 594 454 dent
616 400 714 454 motus
737 396 955 475 accipiantque,
1114 407 1155 448 010

144 488 195 537 005
215 488 303 560 atque
327 482 430 542 eadem
451 482 539 561 paulo
562 483 641 542 inter
663 499 695 541 se
718 489 829 542 mutata
852 500 953 542 creare

215 572 299 648 ignes
322 577 352 630 et
373 566 507 649 liguum?
543 588 601 648 quo
623 558 709 648 pacto
731 568 821 630 verba
843 588 961 649 quoque
984 571 1049 649 ipsa

215 658 293 717 inter
316 675 347 718 se
370 657 457 737 paulo
479 659 601 718 mutatis
625 664 695 719 sunt
718 656 884 738 elementis,

216 762 283 805 cum
306 745 386 823 ligna
408 752 496 824 atque
519 748 603 824 ignes
626 745 765 805 distincta
786 763 857 806 voce
880 751 1025 806 notamus.

144 837 199 888 915
215 832 343 911 denique
367 836 426 893 iam
449 851 524 912 quae
547 850 673 912 cumque
698 834 730 892 in
753 832 843 893 rebus
866 836 965 894 cernis
988 834 1099 913 apertis
1114 845 1154 886 010

145 925 196 975 910
216 923 242 980 01
265 921 331 981 11011
353 939 413 982 non
435 939 524 1000 posse
546 927 646 1002 putas,
670 922 741 1000 quin
764 923 899 981 materiai

217 1026 341 1087 corpora
363 1009 511 1070 consimili
533 1015 638 1070 natura
660 1007 793 1089 praedita
815 1009 922 1090 fingas,

215 1096 270 1157 hac
293 1099 407 1157 ratione
429 1097 485 1158 tihi
507 1102 634 1175 pereunt
655 1096 819 1175 primordia
841 1115 956 1158 rerum:

216 1184 267 1244 fiet
289 1187 334 1244 uti
355 1187 419 1245 risu
441 1183 568 1245 tremulo
592 1202 735 1246 concussa
758 1183 935 1245 cachinnent

145 1277 203 1329 920
217 1277 247 1331 et
269 1270 400 1331 lacrimis
419 1270 504 1332 salsis
527 1279 679 1333 umectent
701 1290 753 1331 ora
775 1290 933 1352 genasque.
1113 1286 1153 1325 ⁹2⁰

145 1366 197 1416 915
260 1357 346 1419 Nimc
368 1377 430 1439 age,
453 1359 531 1437 quod
555 1377 645 1438 super
662 1366 720 1440 est,
736 1377 881 1438 cognosce
899 1367 929 1420 et
948 1359 1057 1420 clarius
1075 1359 1145 1420 audi

639 1463 658 1504 e

215 1551 271 1594 nec
294 1550 342 1593 me
365 1534 456 1592 animi
478 1531 552 1592 lallit
574 1551 663 1611 quam
686 1536 746 1594 sint
768 1533 907 1596 obscura:
931 1533 984 1594 sed
1007 1535 1069 1596 acri

216 1622 365 1700 percussit
386 1619 488 1699 thyrso
510 1620 606 1681 laudis
630 1640 698 1700 spes
720 1640 826 1701 magna
847 1640 948 1683 meum
971 1641 1023 1682 cor

217 1715 247 1770 et
270 1708 359 1770 simul
380 1709 507 1768 incussit
529 1726 648 1769 suavem
670 1711 713 1769 mi
734 1711 766 1769 in
788 1717 892 1789 pectus
916 1727 1046 1770 amorem

146 1802 201 1856 925
217 1814 381 1876 musarum,
405 1813 464 1875 quo
486 1814 566 1856 nunc
587 1798 746 1857 instinctus
769 1804 869 1859 mente
890 1800 1002 1876 vigenti
1114 1810 1154 1852 erc

147 1892 199 1941 910
218 1887 281 1945 avia
303 1883 455 1944 Pieridum
477 1901 602 1962 peragro
625 1882 689 1944 loca
711 1883 821 1945 nullius
844 1891 911 1946 ante

217 1974 287 2032 trita
310 1971 381 2031 solo.
418 1973 498 2031 iuvat
520 1973 652 2051 integros
675 1972 816 2032 accedere
839 1973 929 2033 sontis

217 2067 305 2138 atque
327 2058 461 2138 haurire,
484 2061 622 2138 iuvatque
644 2070 736 2120 n'ovos
759 2059 920 2139 decerpere
942 2060 1031 2121 110100

217 2149 422 2225 insignemque
445 2163 512 2205 meo
535 2148 626 2225 capiti
646 2154 749 2227 petere
773 2147 842 2208 inde
865 2145 1017 2231 coronam,

146 2241 202 2294 930
217 2234 296 2296 unde
319 2236 403 2313 prius
425 2232 500 2294 nulli
522 2233 647 2295 velarint
668 2240 802 2315 tempora
824 2253 939 2318 musae3
1114 2251 1154 2291 seo

146 2332 198 2382 eae
217 2324 347 2402 primum
370 2321 448 2401 quod
470 2324 586 2400 magnis
608 2322 700 2383 docco
723 2322 760 2383 de
782 2322 873 2384 rebus
896 2331 927 2385 et
949 2325 1021 2384 artis

217 2409 394 2489 religionum
417 2411 547 2471 animum
569 2411 656 2471 nodis
680 2409 831 2472 exsolvere
854 2430 958 2493 pergo,

218 2499 324 2559 deinde
349 2497 427 2576 quod
451 2497 577 2560 obscura
600 2498 637 2560 de
659 2516 693 2558 re
715 2505 775 2559 tam
797 2498 895 2560 lucida
917 2517 1013 2578 pango

218 2588 360 2667 carmina,
382 2604 503 2648 musaeo
527 2589 700 2665 contingens
724 2594 829 2648 cuncta
851 2587 960 2666 lepore.

146 2681 201 2732 935
217 2676 248 2736 id
272 2693 388 2754 quoque
411 2677 491 2736 enim
513 2693 574 2735 non
596 2673 633 2734 ab
655 2673 736 2735 nulla
758 2676 873 2736 ratione
895 2674 1025 2736 videtur:
1115 2688 1155 2728 005

147 2763 268 2824 9300011
292 2763 384 2823 veluti
406 2764 508 2841 pueris
531 2762 677 2823 absinthia
698 2768 794 2822 taetra
815 2762 968 2824 medentes

218 2871 285 2912 cum
308 2851 378 2912 dare
402 2857 558 2932 conantur,
581 2852 664 2930 prius
687 2867 768 2930 oras,
790 2849 896 2930 pocula
917 2853 1044 2931 circum,

218 2941 393 3018 contingunt
414 2938 511 2999 mellis
534 2937 614 2999 dulci
635 2936 769 3016 flavoque
792 2937 920 3020 liquore,

217 3035 251 3088 ut
273 3044 435 3106 puerorum
457 3033 537 3088 aetas
560 3026 714 3106 inprovida
736 3024 906 3088 ludificetur

146 3120 202 3171 940
217 3113 368 3175 labrorum
390 3121 490 3196 tenus,
515 3117 629 3175 interea
650 3120 788 3194 perpotet
810 3131 942 3176 amarum
1116 3127 1157 3167 ⁹⁴⁰

148 3207 199 3256 935
218 3200 347 3262 absinthi
369 3201 500 3282 laticem,
523 3201 705 3281 deceptaque
727 3219 788 3262 non
811 3204 955 3281 capiatur,

218 3289 271 3350 sed
294 3291 393 3367 potius
415 3288 468 3349 tali
489 3295 575 3368 pacto
598 3296 732 3350 recreata
754 3290 894 3370 valescat,

217 3379 262 3439 sic
285 3394 339 3455 ego
363 3394 455 3459 nunc,
484 3379 623 3457 quoniam
648 3377 721 3439 haec
743 3379 818 3438 ratio
841 3376 1016 3457 plerumque
1039 3375 1158 3435 videtur

216 3467 333 3530 tristior
356 3483 422 3526 esse
445 3464 554 3544 quibus
576 3483 637 3526 non
660 3471 706 3526 cst
727 3472 863 3546 tractata,
886 3470 1026 3542 retroque

147 3563 202 3616 945
218 3558 320 3636 volgus
344 3557 484 3619 abhorret
505 3556 542 3619 eb
564 3557 633 3640 hac,
655 3556 735 3619 volui
757 3557 814 3618 tibi
836 3555 1053 3635 suaviloquenti
1116 3564 1156 3606 ⁹45
