2438 3998
123 211 210 267 XLVI
486 210 760 266 PROLEGOMENA

119 357 296 439 primordia
326 375 442 420 reram
473 357 531 429 00.
563 375 673 420 ceram
699 358 760 419 Lm.
788 358 819 419 Β.
848 355 935 438 toaqe
961 357 1057 419 Giuss.
1085 391 1131 402 —

125 445 188 523 715
207 445 287 528 inde,
298 446 403 527 philol.
422 445 498 506 XXV
511 444 567 509 68:
585 445 621 508 im
639 450 666 510 te
683 446 741 518 00.
759 446 844 508 intas
856 446 918 507 Lm.
934 445 973 507 im
989 463 1022 508 se
1038 445 1070 506 B.
1085 479 1132 489 -

125 533 188 599 718
206 532 306 611 hisce,
330 534 408 614 quod
425 531 532 613 hisque
550 539 669 616 scripsit
685 535 771 596 Roos.
791 538 822 596 in
840 534 1078 596 annotationibus
1093 535 1131 594 ad

124 625 155 685 L.
173 630 341 702 poematum
355 622 447 683 libros
461 630 522 683 tres
535 626 660 705 priores,
673 643 701 703 p.
716 621 773 685 43:
792 622 914 686 eadem
925 620 1007 684 ratio
1021 620 1132 685 dister-

123 711 226 773 miaat
246 712 355 773 ommis
373 707 443 789 <res
461 758 555 772 .....
556 709 590 791 >2
612 709 663 774 tris
684 709 835 791 quaedam
858 705 1000 795 (qnidam
1022 705 1061 794 Q)
1078 759 1084 772 .

125 798 183 870 00.
205 797 263 876 itis,
286 797 506 879 quaedam...
529 798 636 862 ommia
653 799 724 877 Lm,
746 797 856 862 iterum
878 803 910 860 in
931 799 1034 860 eadem
1057 818 1131 860 voce

124 907 259 970 peccans,
282 889 317 948 cf.
336 888 349 948 1
369 885 463 969 1092,
486 895 519 948 nt
542 891 631 949 etiam
650 888 747 968 Bern,
770 891 822 967 qni
840 889 888 949 hic
906 906 1022 968 quoque
1040 905 1133 950 omme

125 976 240 1057 scribit,
272 976 308 1037 ci.
335 996 364 1056 p.
391 976 438 1037 Xl.
470 994 507 1038 ea
532 993 582 1038 res
609 975 691 1039 ratio
717 974 912 1039 disterminat
938 973 1038 1038 ommis
1065 976 1132 1057 Mr,

124 1064 231 1126 melius
262 1064 403 1125 Lambino
428 1063 615 1127 ...eadam
649 1063 731 1128 ratio
766 1082 815 1128 res
851 1061 997 1126 terminat
1026 1081 1133 1126 mames

124 1153 286 1234 scribente,
309 1171 377 1212 nam
400 1153 606 1215 disterminare
628 1154 751 1214 verbnm
776 1162 822 1213 est
843 1153 1069 1214 ciceronianum
1091 1172 1131 1213 ex

124 1243 240 1302 Arateis
261 1241 275 1301 1
296 1237 348 1301 44.
388 1240 514 1324 probant
539 1248 639 1303 tamen
661 1241 750 1302 Goeh.
774 1250 885 1320 quaest.
908 1261 936 1320 p.
960 1237 1000 1321 11
1025 1247 1057 1301 et
1077 1239 1131 1304 29.

92 1406 95 1411 ¹
126 1367 168 1376 —-
201 1331 292 1410 [723]
321 1331 434 1392 Gneiss.
462 1332 531 1392 diss.
559 1351 586 1410 p.
612 1329 662 1393 54.
695 1364 738 1373 -
771 1328 832 1392 731
866 1325 966 1390 otiam
991 1329 1132 1408 quemvis

125 1438 203 1500 qaae
233 1422 306 1480 snat
335 1418 454 1482 indata
484 1417 611 1482 colorem
640 1417 740 1478 Lamh.
768 1418 804 1478 ci.
831 1417 931 1497 philol.
958 1417 1131 1482 XXV168:

127 1527 184 1588 qm
209 1510 283 1569 sant
306 1505 415 1569 intrata
436 1503 531 1570 colare
549 1506 607 1579 00.
647 1526 706 1588 qao
727 1509 800 1569 caat
820 1503 929 1566 intrata
951 1501 1046 1566 colore
1068 1504 1133 1566 Lm.

127 1602 158 1663 Β.
172 1618 251 1682 qaae
267 1602 339 1662 suat
355 1596 473 1660 imitata
490 1597 617 1660 colorem
629 1598 666 1659 ii.
681 1630 723 1640 —
739 1593 802 1656 738
817 1614 880 1674 sqq.
895 1611 964 1654 mm
981 1591 1135 1673 eaeriqeni

214 1685 400 1762 aoqaoscaat
426 1699 554 1762 corpora
584 1684 677 1757 tarta,
708 1699 746 1743 err
776 1680 899 1743 ineante
929 1699 1014 1756 aero,
1045 1678 1134 1744 maiia

127 1769 287 1832 comiamta
312 1767 419 1847 come,
446 1770 545 1850 philol.
573 1770 649 1830 XXV
671 1768 723 1832 68.
767 1770 814 1830 bis
842 1770 976 1848 distinxi,
998 1788 1035 1829 ne
1063 1773 1134 1848 quis

126 1867 228 1939 postea
254 1859 326 1918 haec
355 1861 396 1919 ita
423 1862 570 1938 acciperet
596 1867 629 1919 ut
650 1857 721 1919 Pon.
748 1857 848 1938 philol.
871 1857 947 1917 XXV
969 1853 1035 1918 324
1061 1858 1136 1918 iecit

127 1953 178 2007 aut
199 1952 233 2006 ut
249 1945 448 2007 Hoerschelm.
472 1945 615 2007 observat.
637 1966 665 2025 p.
688 1942 718 2006 4.
760 1948 931 2024 caecigenos
950 1945 1021 2005 dicit
1043 1954 1134 2024 poeta

127 2033 195 2094 inde
223 2052 239 2093 a
265 2036 367 2111 pueris
394 2052 517 2112 corpora
543 2041 623 2094 tactu
650 2052 840 2114 cognoscere,
872 2032 1000 2094 colorem
1026 2035 1059 2093 in
1086 2037 1134 2095 eis

127 2139 186 2182 non
209 2138 400 2199 cognoscere:
422 2121 469 2181 his
492 2124 583 2200 igitur
604 2140 652 2182 res
676 2129 745 2182 sunt
767 2124 831 2182 sine
854 2121 969 2202 colore,
990 2128 1023 2182 ut
1044 2121 1134 2183 nobis

128 2227 254 2290 quoque,
277 2208 457 2269 intenebris
476 2211 502 2269 si
523 2228 633 2290 sumus,
657 2211 691 2270 cf.
711 2230 736 2271 r.
756 2207 820 2271 748
839 2228 881 2289 sq.
900 2209 994 2270 Bentl.
1013 2228 1134 2270 versum

127 2297 211 2358 illum
232 2305 299 2377 post
323 2293 387 2359 745
411 2291 489 2380 (748
508 2290 585 2379 Lm.)
608 2301 704 2378 ponit:
727 2317 784 2377 qna
802 2300 1029 2376 transpositione
1051 2298 1134 2358 reiu-

127 2393 186 2447 tata
210 2394 276 2447 ante
299 2405 324 2445 v.
350 2382 412 2447 746
436 2385 539 2446 lacuna
561 2385 630 2446 hiat.
668 2387 795 2448 eundem
812 2405 931 2446 versum
954 2388 1041 2446 etiam
1064 2395 1135 2465 post

129 2493 160 2534 se
184 2473 293 2534 habere
315 2473 449 2534 lacunam
466 2477 525 2534 iam
546 2493 635 2554 supra
654 2475 748 2555 docui,
766 2494 794 2553 p.
809 2474 885 2535 XXV
903 2522 910 2535 .
925 2522 953 2535 ..
972 2476 1002 2536 et
1018 2473 1133 2536 ommes:

128 2563 176 2624 im
197 2559 297 2624 ommis
315 2560 391 2622 Flor.
411 2559 462 2643 31,
484 2580 529 2640 vg.
547 2591 592 2606 ὴ
610 2560 673 2625 782
697 2569 799 2626 extra
821 2562 880 2633 00.
898 2561 930 2623 Β.
948 2563 1001 2622 Mr.
1023 2580 1061 2624 ea
1081 2559 1135 2624 m's

128 2650 203 2731 Lm,
240 2653 385 2710 sententia
421 2669 480 2710 non
515 2658 678 2730 perspecta.
710 2683 752 2693 -
784 2659 852 2729 post
884 2649 949 2712 784
978 2653 1135 2730 perierunt

127 2757 240 2816 versus,
255 2738 361 2817 quibus
376 2738 405 2798 id
419 2739 652 2800 demonstratum
666 2739 729 2816 init,
746 2738 782 2799 ad
797 2738 874 2817 quod
890 2741 920 2799 in
934 2758 977 2798 vv.
993 2736 1058 2801 785
1067 2757 1133 2818 sqq.

128 2833 158 2886 et
181 2824 244 2888 792
268 2845 331 2906 sqq.
358 2829 591 2907 respicitur
614 2845 657 2886 vv.
682 2823 856 2889 817-825
879 2827 1006 2908 Susem,
1031 2826 1133 2905 philol.

127 2913 203 2975 XXV
230 2911 273 2976 70
296 2933 338 2993 sq.
368 2922 417 2974 aut
443 2922 511 2993 post
534 2912 599 2977 794
626 2922 675 2975 aut
701 2922 769 2993 post
792 2913 854 2977 787
881 2914 1019 2975 collocari
1041 2913 1134 2976 iubet.

127 3037 172 3046 —
193 3000 257 3066 808
279 2999 416 3082 rafmiqet
434 3002 492 3074 00.
511 3003 572 3081 Mr.
585 2999 712 3082 refaiqit
732 3002 793 3063 Lm.
812 3003 844 3064 Β.
864 3004 900 3064 cf.
918 3023 946 3082 p.
967 3002 1064 3062 XXIV.
1087 3035 1136 3049 —

127 3089 191 3153 808
210 3089 363 3170 quaesita
375 3088 564 3155 caroioemst
576 3090 690 3153 aream
704 3088 870 3169 collumque
883 3094 1013 3166 coronat,
1031 3090 1134 3170 philol.

126 3179 202 3238 XXV
226 3177 280 3241 73:
302 3177 428 3241 cervices
472 3226 502 3239 ..
526 3178 584 3250 00.
608 3179 672 3240 edd.
696 3213 738 3224 -—
762 3177 827 3242 810
849 3179 981 3258 quodam
1002 3177 1135 3262 †semac;

127 3286 187 3327 non
210 3267 336 3346 quodam
359 3286 462 3348 sensu,
486 3275 519 3328 ut
541 3267 580 3349 id,
604 3267 639 3328 de
664 3287 721 3347 quo
743 3266 899 3329 Lucretius
921 3268 959 3329 IV
979 3264 1046 3330 430
1069 3287 1135 3348 sqq.

127 3355 207 3436 dicit,
226 3355 277 3416 sed
295 3355 420 3434 quodam
439 3355 559 3415 luminis
578 3358 652 3437 ictu,
670 3375 695 3417 v.
711 3352 783 3419 814.
817 3360 910 3418 sensit
928 3359 1030 3418 vitium
1049 3356 1135 3419 Bkm.

127 3444 178 3505 scd
203 3462 269 3504 cum
292 3460 413 3506 escensa
435 3446 563 3524 scripsit,
588 3463 647 3504 non
671 3448 806 3506 correxit.
830 3479 875 3490 -
897 3443 961 3509 826
984 3451 1137 3507 amstmrm

128 3526 271 3615 (ostrum)
289 3532 401 3593 Wakef.
426 3531 514 3592 Goeb.
538 3540 649 3611 quaest.
668 3532 784 3594 Lucret.
807 3554 834 3613 p.
851 3531 900 3595 13.
931 3534 997 3594 Mn:
1020 3551 1137 3596 ormam
