<?xml version="1.0" encoding="UTF-8"?>
<!DOCTYPE html PUBLIC "-//W3C//DTD XHTML 1.0 Transitional//EN"
    "http://www.w3.org/TR/xhtml1/DTD/xhtml1-transitional.dtd">
<html xmlns="http://www.w3.org/1999/xhtml" xml:lang="en" lang="en">
 <head>
  <title>
</title>
<meta http-equiv="Content-Type" content="text/html;charset=utf-8" />
  <meta name='ocr-system' content='tesseract 3.04.00' />
  <meta name='ocr-capabilities' content='ocr_page ocr_carea ocr_par ocr_line ocrx_word'/>
</head>
<body>
  <div class='ocr_page' id='page_1' title='image "./tlucreticarider02carugoog_0243.png"; bbox 0 0 2438 3998; ppageno 0'>
   <div class='ocr_carea' id='block_1_1' title="bbox 159 227 671 295">
    <p class='ocr_par' dir='ltr' id='par_1_1' title="bbox 159 227 671 295">
     <span class='ocr_line' id='line_1_1' title="bbox 159 227 671 295; baseline 0 -1"><span class='ocrx_word' id='word_1_1' title='bbox 159 230 223 295; x_wconf 82' lang='lat'><strong>154</strong></span> <span class='ocrx_word' id='word_1_2' title='bbox 644 227 671 282; x_wconf 84' lang='lat' dir='ltr'><strong>V</strong></span> 
     </span>
    </p>
   </div>
   <div class='ocr_carea' id='block_1_2' title="bbox 160 376 1171 3546">
    <p class='ocr_par' dir='ltr' id='par_1_2' title="bbox 160 376 1171 3546">
     <span class='ocr_line' id='line_1_2' title="bbox 229 376 1052 457; baseline -0.002 -19"><span class='ocrx_word' id='word_1_3' title='bbox 229 384 310 438; x_wconf 89' lang='lat' dir='ltr'><strong>muta</strong></span> <span class='ocrx_word' id='word_1_4' title='bbox 332 378 397 437; x_wconf 89' lang='lat' dir='ltr'><strong>siue</strong></span> <span class='ocrx_word' id='word_1_5' title='bbox 419 394 472 437; x_wconf 89' lang='lat' dir='ltr'><strong>ore</strong></span> <span class='ocrx_word' id='word_1_6' title='bbox 495 378 597 457; x_wconf 87' lang='lat' dir='ltr'><strong>etiam,</strong></span> <span class='ocrx_word' id='word_1_7' title='bbox 621 378 685 437; x_wconf 89' lang='lat' dir='ltr'><strong>sine</strong></span> <span class='ocrx_word' id='word_1_8' title='bbox 708 376 788 436; x_wconf 90' lang='lat' dir='ltr'><strong>voltu</strong></span> <span class='ocrx_word' id='word_1_9' title='bbox 811 394 898 437; x_wconf 83' lang='lat' dir='ltr'><strong>oaeea</strong></span> <span class='ocrx_word' id='word_1_10' title='bbox 919 382 1052 456; x_wconf 89' lang='lat' dir='ltr'><strong>reperta,</strong></span> 
     </span>
     <span class='ocr_line' id='line_1_3' title="bbox 229 462 1098 544; baseline 0 -20"><span class='ocrx_word' id='word_1_11' title='bbox 229 468 384 544; x_wconf 83' lang='lat' dir='ltr'><strong>vinetaque</strong></span> <span class='ocrx_word' id='word_1_12' title='bbox 407 462 607 525; x_wconf 91' lang='lat' dir='ltr'><strong>membrorum</strong></span> <span class='ocrx_word' id='word_1_13' title='bbox 629 482 683 544; x_wconf 90' lang='lat' dir='ltr'><strong>per</strong></span> <span class='ocrx_word' id='word_1_14' title='bbox 705 472 800 525; x_wconf 89' lang='lat' dir='ltr'><strong>totum</strong></span> <span class='ocrx_word' id='word_1_15' title='bbox 823 483 930 544; x_wconf 89' lang='lat' dir='ltr'><strong>eorpus</strong></span> <span class='ocrx_word' id='word_1_16' title='bbox 952 463 1098 544; x_wconf 88' lang='lat' dir='ltr'><strong>adhaesu,</strong></span> 
     </span>
     <span class='ocr_line' id='line_1_4' title="bbox 160 552 1167 633; baseline -0.007 -14"><span class='ocrx_word' id='word_1_17' title='bbox 160 570 211 619; x_wconf 86' lang='grc'><strong>880</strong></span> <span class='ocrx_word' id='word_1_18' title='bbox 230 571 285 613; x_wconf 86' lang='lat' dir='ltr'><strong>neo</strong></span> <span class='ocrx_word' id='word_1_19' title='bbox 308 553 404 614; x_wconf 82' lang='lat' dir='ltr'><strong>lacere</strong></span> <span class='ocrx_word' id='word_1_20' title='bbox 427 559 459 613; x_wconf 91' lang='lat' dir='ltr'><strong>ut</strong></span> <span class='ocrx_word' id='word_1_21' title='bbox 482 560 604 633; x_wconf 81' lang='lat' dir='ltr'><strong>possent</strong></span> <span class='ocrx_word' id='word_1_22' title='bbox 626 555 784 632; x_wconf 83' lang='lat' dir='ltr'><strong>quiequam</strong></span> <span class='ocrx_word' id='word_1_23' title='bbox 806 571 861 613; x_wconf 86' lang='lat' dir='ltr'><strong>nee</strong></span> <span class='ocrx_word' id='word_1_24' title='bbox 884 552 989 614; x_wconf 82' lang='lat' dir='ltr'><strong>cedere</strong></span> <span class='ocrx_word' id='word_1_25' title='bbox 1013 570 1167 631; x_wconf 90' lang='lat' dir='ltr'><strong>quoquam</strong></span> 
     </span>
     <span class='ocr_line' id='line_1_5' title="bbox 160 640 1054 720; baseline 0.001 -20"><span class='ocrx_word' id='word_1_26' title='bbox 160 650 284 702; x_wconf 79' lang='lat' dir='ltr'><strong>841nec</strong></span> <span class='ocrx_word' id='word_1_27' title='bbox 306 643 399 702; x_wconf 89' lang='lat' dir='ltr'><strong>vitare</strong></span> <span class='ocrx_word' id='word_1_28' title='bbox 422 640 531 702; x_wconf 91' lang='lat' dir='ltr'><strong>malum</strong></span> <span class='ocrx_word' id='word_1_29' title='bbox 554 659 609 703; x_wconf 88' lang='lat' dir='ltr'><strong>uec</strong></span> <span class='ocrx_word' id='word_1_30' title='bbox 633 659 750 702; x_wconf 89' lang='lat' dir='ltr'><strong>sumere</strong></span> <span class='ocrx_word' id='word_1_31' title='bbox 773 641 851 720; x_wconf 90' lang='lat' dir='ltr'><strong>quod</strong></span> <span class='ocrx_word' id='word_1_32' title='bbox 875 642 951 701; x_wconf 87' lang='lat' dir='ltr'><strong>foret</strong></span> <span class='ocrx_word' id='word_1_33' title='bbox 973 659 1054 701; x_wconf 88' lang='lat' dir='ltr'><strong>usus.</strong></span> 
     </span>
     <span class='ocr_line' id='line_1_6' title="bbox 231 728 1166 810; baseline 0.001 -20"><span class='ocrx_word' id='word_1_34' title='bbox 231 737 329 790; x_wconf 83' lang='lat' dir='ltr'><strong>cetera</strong></span> <span class='ocrx_word' id='word_1_35' title='bbox 352 729 387 790; x_wconf 88' lang='lat' dir='ltr'><strong>de</strong></span> <span class='ocrx_word' id='word_1_36' title='bbox 410 747 518 809; x_wconf 79' lang='lat' dir='ltr'><strong>genere</strong></span> <span class='ocrx_word' id='word_1_37' title='bbox 541 729 598 790; x_wconf 86' lang='lat' dir='ltr'><strong>hoo</strong></span> <span class='ocrx_word' id='word_1_38' title='bbox 620 736 752 790; x_wconf 89' lang='lat' dir='ltr'><strong>monstra</strong></span> <span class='ocrx_word' id='word_1_39' title='bbox 774 748 808 790; x_wconf 87' lang='lat' dir='ltr'><strong>ao</strong></span> <span class='ocrx_word' id='word_1_40' title='bbox 825 736 962 809; x_wconf 89' lang='lat' dir='ltr'><strong>portenta</strong></span> <span class='ocrx_word' id='word_1_41' title='bbox 980 728 1112 810; x_wconf 79' lang='lat' dir='ltr'><strong>creabat,</strong></span> <span class='ocrx_word' id='word_1_42' title='bbox 1126 752 1166 792; x_wconf 71' lang='lat' dir='ltr'><strong>on</strong></span> 
     </span>
     <span class='ocr_line' id='line_1_7' title="bbox 230 817 1046 899; baseline 0 -21"><span class='ocrx_word' id='word_1_43' title='bbox 230 820 422 899; x_wconf 85' lang='lat' dir='ltr'><strong>nequiquam,</strong></span> <span class='ocrx_word' id='word_1_44' title='bbox 445 820 583 896; x_wconf 92' lang='lat' dir='ltr'><strong>quoniam</strong></span> <span class='ocrx_word' id='word_1_45' title='bbox 606 825 710 878; x_wconf 90' lang='lat' dir='ltr'><strong>natura</strong></span> <span class='ocrx_word' id='word_1_46' title='bbox 732 817 893 878; x_wconf 80' lang='lat' dir='ltr'><strong>absterruit</strong></span> <span class='ocrx_word' id='word_1_47' title='bbox 915 825 1046 898; x_wconf 85' lang='lat' dir='ltr'><strong>auctum,</strong></span> 
     </span>
     <span class='ocr_line' id='line_1_8' title="bbox 231 905 982 986; baseline -0.001 -19"><span class='ocrx_word' id='word_1_48' title='bbox 231 925 286 967; x_wconf 84' lang='lat' dir='ltr'><strong>uec</strong></span> <span class='ocrx_word' id='word_1_49' title='bbox 308 914 432 986; x_wconf 90' lang='lat' dir='ltr'><strong>potuere</strong></span> <span class='ocrx_word' id='word_1_50' title='bbox 455 909 587 986; x_wconf 83' lang='lat' dir='ltr'><strong>cupitum</strong></span> <span class='ocrx_word' id='word_1_51' title='bbox 609 908 714 966; x_wconf 88' lang='lat' dir='ltr'><strong>aetatis</strong></span> <span class='ocrx_word' id='word_1_52' title='bbox 736 913 856 985; x_wconf 90' lang='lat' dir='ltr'><strong>tangere</strong></span> <span class='ocrx_word' id='word_1_53' title='bbox 879 905 982 966; x_wconf 86' lang='lat' dir='ltr'><strong>liorem</strong></span> 
     </span>
     <span class='ocr_line' id='line_1_9' title="bbox 161 993 1045 1075; baseline -0.007 -14"><span class='ocrx_word' id='word_1_54' title='bbox 161 1011 212 1061; x_wconf 81' lang='grc'><strong>888</strong></span> <span class='ocrx_word' id='word_1_55' title='bbox 231 1014 286 1056; x_wconf 85' lang='lat' dir='ltr'><strong>neo</strong></span> <span class='ocrx_word' id='word_1_56' title='bbox 308 997 440 1075; x_wconf 89' lang='lat' dir='ltr'><strong>reperire</strong></span> <span class='ocrx_word' id='word_1_57' title='bbox 463 994 562 1055; x_wconf 85' lang='lat' dir='ltr'><strong>eibum</strong></span> <span class='ocrx_word' id='word_1_58' title='bbox 584 1012 640 1055; x_wconf 87' lang='lat' dir='ltr'><strong>noo</strong></span> <span class='ocrx_word' id='word_1_59' title='bbox 662 996 745 1073; x_wconf 90' lang='lat' dir='ltr'><strong>iungi</strong></span> <span class='ocrx_word' id='word_1_60' title='bbox 766 1012 821 1074; x_wconf 91' lang='lat' dir='ltr'><strong>per</strong></span> <span class='ocrx_word' id='word_1_61' title='bbox 842 993 965 1055; x_wconf 88' lang='lat' dir='ltr'><strong>Veneris</strong></span> <span class='ocrx_word' id='word_1_62' title='bbox 987 1012 1045 1055; x_wconf 85' lang='lat' dir='ltr'><strong>res.</strong></span> 
     </span>
     <span class='ocr_line' id='line_1_10' title="bbox 161 1082 1042 1163; baseline 0 -21"><span class='ocrx_word' id='word_1_63' title='bbox 161 1091 216 1142; x_wconf 78' lang='grc'><em>846</em></span> <span class='ocrx_word' id='word_1_64' title='bbox 232 1082 324 1144; x_wconf 89' lang='lat' dir='ltr'><strong>multa</strong></span> <span class='ocrx_word' id='word_1_65' title='bbox 346 1083 479 1144; x_wconf 91' lang='lat' dir='ltr'><strong>videmus</strong></span> <span class='ocrx_word' id='word_1_66' title='bbox 503 1085 583 1144; x_wconf 90' lang='lat' dir='ltr'><strong>enim</strong></span> <span class='ocrx_word' id='word_1_67' title='bbox 605 1082 695 1143; x_wconf 87' lang='lat' dir='ltr'><strong>rebus</strong></span> <span class='ocrx_word' id='word_1_68' title='bbox 717 1100 896 1144; x_wconf 83' lang='lat' dir='ltr'><strong>concurrere</strong></span> <span class='ocrx_word' id='word_1_69' title='bbox 919 1082 1042 1163; x_wconf 73' lang='lat' dir='ltr'><strong>debere,</strong></span> 
     </span>
     <span class='ocr_line' id='line_1_11' title="bbox 231 1170 1167 1254; baseline 0.003 -21"><span class='ocrx_word' id='word_1_70' title='bbox 231 1180 264 1233; x_wconf 92' lang='lat' dir='ltr'><strong>ut</strong></span> <span class='ocrx_word' id='word_1_71' title='bbox 285 1171 472 1254; x_wconf 89' lang='lat' dir='ltr'><strong>propagando</strong></span> <span class='ocrx_word' id='word_1_72' title='bbox 495 1173 611 1249; x_wconf 87' lang='lat' dir='ltr'>possint</span> <span class='ocrx_word' id='word_1_73' title='bbox 632 1171 796 1250; x_wconf 83' lang='lat' dir='ltr'><strong>procudere</strong></span> <span class='ocrx_word' id='word_1_74' title='bbox 820 1170 927 1251; x_wconf 81' lang='lat' dir='ltr'><strong>saecla3</strong></span> <span class='ocrx_word' id='word_1_75' title='bbox 1125 1193 1167 1236; x_wconf 73' lang='lat' dir='ltr'><strong>oso</strong></span> 
     </span>
     <span class='ocr_line' id='line_1_12' title="bbox 231 1258 1113 1340; baseline -0.001 -19"><span class='ocrx_word' id='word_1_76' title='bbox 231 1258 337 1340; x_wconf 91' lang='lat' dir='ltr'><strong>pabula</strong></span> <span class='ocrx_word' id='word_1_77' title='bbox 359 1261 487 1339; x_wconf 88' lang='lat' dir='ltr'><strong>primum</strong></span> <span class='ocrx_word' id='word_1_78' title='bbox 510 1266 544 1319; x_wconf 92' lang='lat' dir='ltr'><strong>ut</strong></span> <span class='ocrx_word' id='word_1_79' title='bbox 566 1260 639 1339; x_wconf 85' lang='lat' dir='ltr'><strong>sint,</strong></span> <span class='ocrx_word' id='word_1_80' title='bbox 662 1258 798 1337; x_wconf 81' lang='lat' dir='ltr'><strong>genitalia</strong></span> <span class='ocrx_word' id='word_1_81' title='bbox 821 1259 927 1319; x_wconf 91' lang='lat' dir='ltr'><strong>deinde</strong></span> <span class='ocrx_word' id='word_1_82' title='bbox 950 1277 1004 1337; x_wconf 92' lang='lat' dir='ltr'><strong>per</strong></span> <span class='ocrx_word' id='word_1_83' title='bbox 1028 1265 1113 1320; x_wconf 88' lang='lat' dir='ltr'><strong>artus</strong></span> 
     </span>
     <span class='ocr_line' id='line_1_13' title="bbox 232 1346 1056 1429; baseline -0.001 -20"><span class='ocrx_word' id='word_1_84' title='bbox 232 1350 345 1409; x_wconf 87' lang='lat' dir='ltr'><strong>semina</strong></span> <span class='ocrx_word' id='word_1_85' title='bbox 381 1366 437 1425; x_wconf 92' lang='lat' dir='ltr'><strong>qua</strong></span> <span class='ocrx_word' id='word_1_86' title='bbox 464 1349 579 1426; x_wconf 87' lang='lat' dir='ltr'><strong>possint</strong></span> <span class='ocrx_word' id='word_1_87' title='bbox 614 1346 754 1407; x_wconf 89' lang='lat' dir='ltr'><strong>membris</strong></span> <span class='ocrx_word' id='word_1_88' title='bbox 776 1365 895 1408; x_wconf 90' lang='lat' dir='ltr'><strong>manare</strong></span> <span class='ocrx_word' id='word_1_89' title='bbox 918 1349 1056 1429; x_wconf 87' lang='lat' dir='ltr'><strong>remissa,</strong></span> 
     </span>
     <span class='ocr_line' id='line_1_14' title="bbox 162 1434 1007 1516; baseline -0.009 -13"><span class='ocrx_word' id='word_1_90' title='bbox 162 1456 214 1504; x_wconf 82' lang='grc'><em>848</em></span> <span class='ocrx_word' id='word_1_91' title='bbox 233 1437 399 1514; x_wconf 81' lang='lat' dir='ltr'><strong>seminaque</strong></span> <span class='ocrx_word' id='word_1_92' title='bbox 422 1442 456 1495; x_wconf 90' lang='lat' dir='ltr'><strong>ut</strong></span> <span class='ocrx_word' id='word_1_93' title='bbox 477 1434 608 1495; x_wconf 76' lang='lat' dir='ltr'><strong>maribus</strong></span> <span class='ocrx_word' id='word_1_94' title='bbox 631 1437 770 1513; x_wconf 84' lang='lat' dir='ltr'><strong>coniungi</strong></span> <span class='ocrx_word' id='word_1_95' title='bbox 791 1438 886 1514; x_wconf 89' lang='lat' dir='ltr'><strong>possit</strong></span> <span class='ocrx_word' id='word_1_96' title='bbox 908 1454 1007 1516; x_wconf 87' lang='lat' dir='ltr'><strong>avere,</strong></span> 
     </span>
     <span class='ocr_line' id='line_1_15' title="bbox 162 1524 984 1602; baseline 0 -19"><span class='ocrx_word' id='word_1_97' title='bbox 162 1531 216 1583; x_wconf 84' lang='lat'><strong>851</strong></span> <span class='ocrx_word' id='word_1_98' title='bbox 233 1532 334 1584; x_wconf 90' lang='lat' dir='ltr'><strong>mutua</strong></span> <span class='ocrx_word' id='word_1_99' title='bbox 357 1525 408 1601; x_wconf 88' lang='lat' dir='ltr'><strong>qui</strong></span> <span class='ocrx_word' id='word_1_100' title='bbox 430 1530 545 1584; x_wconf 89' lang='lat' dir='ltr'><strong>mutent</strong></span> <span class='ocrx_word' id='word_1_101' title='bbox 568 1525 646 1583; x_wconf 88' lang='lat' dir='ltr'><strong>inter</strong></span> <span class='ocrx_word' id='word_1_102' title='bbox 668 1541 700 1583; x_wconf 93' lang='lat' dir='ltr'><strong>se</strong></span> <span class='ocrx_word' id='word_1_103' title='bbox 723 1524 828 1601; x_wconf 90' lang='lat' dir='ltr'><strong>gaudia</strong></span> <span class='ocrx_word' id='word_1_104' title='bbox 851 1530 984 1602; x_wconf 88' lang='lat' dir='ltr'><strong>uterque.</strong></span> 
     </span>
     <span class='ocr_line' id='line_1_16' title="bbox 276 1606 1168 1695; baseline 0.007 -23"><span class='ocrx_word' id='word_1_105' title='bbox 276 1606 285 1695; x_wconf 73' lang='lat' dir='ltr'><strong>ll</strong></span> <span class='ocrx_word' id='word_1_106' title='bbox 293 1611 440 1690; x_wconf 91' lang='lat' dir='ltr'><strong>Multaque</strong></span> <span class='ocrx_word' id='word_1_107' title='bbox 449 1613 667 1673; x_wconf 88' lang='lat' dir='ltr'><strong>tuminteriisse</strong></span> <span class='ocrx_word' id='word_1_108' title='bbox 675 1612 1168 1678; x_wconf 76' lang='lat' dir='ltr'><strong>animantumsaoolaneoessesteao</strong></span> 
     </span>
     <span class='ocr_line' id='line_1_17' title="bbox 232 1699 980 1781; baseline -0.003 -20"><span class='ocrx_word' id='word_1_109' title='bbox 232 1719 287 1762; x_wconf 87' lang='lat' dir='ltr'><strong>neo</strong></span> <span class='ocrx_word' id='word_1_110' title='bbox 309 1702 441 1781; x_wconf 89' lang='lat' dir='ltr'><strong>potuisse</strong></span> <span class='ocrx_word' id='word_1_111' title='bbox 463 1700 650 1780; x_wconf 90' lang='lat' dir='ltr'><strong>propagando</strong></span> <span class='ocrx_word' id='word_1_112' title='bbox 672 1700 836 1779; x_wconf 83' lang='lat' dir='ltr'><strong>procudere</strong></span> <span class='ocrx_word' id='word_1_113' title='bbox 858 1699 980 1779; x_wconf 88' lang='lat' dir='ltr'><strong>prolem.</strong></span> 
     </span>
     <span class='ocr_line' id='line_1_18' title="bbox 232 1788 1003 1869; baseline -0.003 -19"><span class='ocrx_word' id='word_1_114' title='bbox 232 1807 301 1850; x_wconf 88' lang='lat' dir='ltr'><strong>nam</strong></span> <span class='ocrx_word' id='word_1_115' title='bbox 323 1807 524 1869; x_wconf 84' lang='lat' dir='ltr'><strong>quaecumque</strong></span> <span class='ocrx_word' id='word_1_116' title='bbox 546 1789 628 1849; x_wconf 88' lang='lat' dir='ltr'><strong>vides</strong></span> <span class='ocrx_word' id='word_1_117' title='bbox 650 1791 730 1849; x_wconf 89' lang='lat' dir='ltr'><strong>vesci</strong></span> <span class='ocrx_word' id='word_1_118' title='bbox 751 1788 887 1849; x_wconf 90' lang='lat' dir='ltr'><strong>vitalibus</strong></span> <span class='ocrx_word' id='word_1_119' title='bbox 910 1791 1003 1869; x_wconf 88' lang='lat' dir='ltr'><strong>auris,</strong></span> 
     </span>
     <span class='ocr_line' id='line_1_19' title="bbox 162 1876 1039 1955; baseline -0.009 -10"><span class='ocrx_word' id='word_1_120' title='bbox 162 1895 215 1944; x_wconf 77' lang='grc'><em>848</em></span> <span class='ocrx_word' id='word_1_121' title='bbox 234 1886 284 1939; x_wconf 91' lang='lat' dir='ltr'><strong>aut</strong></span> <span class='ocrx_word' id='word_1_122' title='bbox 306 1877 390 1938; x_wconf 93' lang='lat' dir='ltr'><strong>dolus</strong></span> <span class='ocrx_word' id='word_1_123' title='bbox 413 1885 463 1938; x_wconf 90' lang='lat' dir='ltr'><strong>aut</strong></span> <span class='ocrx_word' id='word_1_124' title='bbox 484 1880 578 1939; x_wconf 90' lang='lat' dir='ltr'><strong>virtus</strong></span> <span class='ocrx_word' id='word_1_125' title='bbox 601 1883 651 1938; x_wconf 92' lang='lat' dir='ltr'><strong>aut</strong></span> <span class='ocrx_word' id='word_1_126' title='bbox 673 1877 800 1955; x_wconf 88' lang='lat' dir='ltr'><strong>denique</strong></span> <span class='ocrx_word' id='word_1_127' title='bbox 823 1876 970 1937; x_wconf 85' lang='lat' dir='ltr'><strong>mobilitas</strong></span> <span class='ocrx_word' id='word_1_128' title='bbox 992 1884 1039 1937; x_wconf 87' lang='lat' dir='ltr'><strong>ast</strong></span> 
     </span>
     <span class='ocr_line' id='line_1_20' title="bbox 161 1965 976 2044; baseline 0.001 -20"><span class='ocrx_word' id='word_1_129' title='bbox 161 1974 218 2025; x_wconf 85' lang='grc'><em>856</em></span> <span class='ocrx_word' id='word_1_130' title='bbox 231 1985 267 2028; x_wconf 85' lang='lat' dir='ltr'><strong>ex</strong></span> <span class='ocrx_word' id='word_1_131' title='bbox 291 1969 411 2027; x_wconf 89' lang='lat' dir='ltr'><strong>ineunte</strong></span> <span class='ocrx_word' id='word_1_132' title='bbox 434 1983 504 2026; x_wconf 91' lang='lat' dir='ltr'><strong>aevo</strong></span> <span class='ocrx_word' id='word_1_133' title='bbox 527 1983 621 2044; x_wconf 85' lang='lat' dir='ltr'><strong>genus</strong></span> <span class='ocrx_word' id='word_1_134' title='bbox 642 1965 673 2024; x_wconf 92' lang='lat' dir='ltr'><strong>id</strong></span> <span class='ocrx_word' id='word_1_135' title='bbox 695 1972 787 2026; x_wconf 88' lang='lat' dir='ltr'><strong>tutata</strong></span> <span class='ocrx_word' id='word_1_136' title='bbox 810 1983 976 2026; x_wconf 85' lang='lat' dir='ltr'><strong>reservans:</strong></span> 
     </span>
     <span class='ocr_line' id='line_1_21' title="bbox 234 2052 1167 2134; baseline 0.004 -19"><span class='ocrx_word' id='word_1_137' title='bbox 234 2054 382 2132; x_wconf 88' lang='lat' dir='ltr'><strong>multaque</strong></span> <span class='ocrx_word' id='word_1_138' title='bbox 405 2061 488 2134; x_wconf 73' lang='lat' dir='ltr'><strong>sunt,</strong></span> <span class='ocrx_word' id='word_1_139' title='bbox 510 2052 596 2114; x_wconf 89' lang='lat' dir='ltr'><strong>nobis</strong></span> <span class='ocrx_word' id='word_1_140' title='bbox 619 2071 655 2113; x_wconf 84' lang='lat' dir='ltr'><strong>ex</strong></span> <span class='ocrx_word' id='word_1_141' title='bbox 678 2053 804 2114; x_wconf 88' lang='lat' dir='ltr'><strong>utilitate</strong></span> <span class='ocrx_word' id='word_1_142' title='bbox 827 2071 879 2115; x_wconf 92' lang='lat' dir='ltr'><strong>sua</strong></span> <span class='ocrx_word' id='word_1_143' title='bbox 903 2072 977 2132; x_wconf 89' lang='lat' dir='ltr'><strong>quae</strong></span> <span class='ocrx_word' id='word_1_144' title='bbox 1126 2079 1167 2119; x_wconf 74' lang='lat' dir='ltr'><strong>oco</strong></span> 
     </span>
     <span class='ocr_line' id='line_1_22' title="bbox 234 2141 998 2222; baseline -0.003 -19"><span class='ocrx_word' id='word_1_145' title='bbox 234 2141 435 2204; x_wconf 88' lang='lat' dir='ltr'><strong>commendata</strong></span> <span class='ocrx_word' id='word_1_146' title='bbox 457 2149 589 2222; x_wconf 87' lang='lat' dir='ltr'><strong>manent,</strong></span> <span class='ocrx_word' id='word_1_147' title='bbox 611 2141 720 2202; x_wconf 88' lang='lat' dir='ltr'><strong>tutelae</strong></span> <span class='ocrx_word' id='word_1_148' title='bbox 742 2142 849 2202; x_wconf 89' lang='lat' dir='ltr'><strong>tradita</strong></span> <span class='ocrx_word' id='word_1_149' title='bbox 871 2148 998 2202; x_wconf 91' lang='lat' dir='ltr'><strong>nostrae.</strong></span> 
     </span>
     <span class='ocr_line' id='line_1_23' title="bbox 233 2228 1010 2310; baseline -0.001 -20"><span class='ocrx_word' id='word_1_150' title='bbox 233 2231 379 2310; x_wconf 85' lang='lat' dir='ltr'><strong>pri&#39;noipio</strong></span> <span class='ocrx_word' id='word_1_151' title='bbox 403 2247 495 2308; x_wconf 89' lang='lat' dir='ltr'><strong>genus</strong></span> <span class='ocrx_word' id='word_1_152' title='bbox 518 2247 585 2289; x_wconf 84' lang='lat' dir='ltr'><strong>acre</strong></span> <span class='ocrx_word' id='word_1_153' title='bbox 608 2228 725 2290; x_wconf 90' lang='lat' dir='ltr'><strong>leonum</strong></span> <span class='ocrx_word' id='word_1_154' title='bbox 749 2248 892 2309; x_wconf 89' lang='lat' dir='ltr'><strong>saevaque</strong></span> <span class='ocrx_word' id='word_1_155' title='bbox 915 2229 1010 2290; x_wconf 82' lang='lat' dir='ltr'><strong>saecla</strong></span> 
     </span>
     <span class='ocr_line' id='line_1_24' title="bbox 162 2316 1002 2399; baseline -0.001 -20"><span class='ocrx_word' id='word_1_156' title='bbox 162 2338 215 2387; x_wconf 77' lang='lat'><strong>850</strong></span> <span class='ocrx_word' id='word_1_157' title='bbox 233 2325 354 2380; x_wconf 87' lang='lat' dir='ltr'><strong>tutatast</strong></span> <span class='ocrx_word' id='word_1_158' title='bbox 375 2320 483 2398; x_wconf 86' lang='lat' dir='ltr'><strong>virtus,</strong></span> <span class='ocrx_word' id='word_1_159' title='bbox 505 2316 605 2397; x_wconf 85' lang='lat' dir='ltr'><strong>volpes</strong></span> <span class='ocrx_word' id='word_1_160' title='bbox 629 2317 726 2399; x_wconf 87' lang='lat' dir='ltr'><strong>dolus,</strong></span> <span class='ocrx_word' id='word_1_161' title='bbox 749 2325 779 2378; x_wconf 89' lang='lat' dir='ltr'><strong>et</strong></span> <span class='ocrx_word' id='word_1_162' title='bbox 801 2318 869 2397; x_wconf 87' lang='lat' dir='ltr'><strong>luga</strong></span> <span class='ocrx_word' id='word_1_163' title='bbox 891 2336 1002 2378; x_wconf 82' lang='lat' dir='ltr'><strong>cervos.</strong></span> 
     </span>
     <span class='ocr_line' id='line_1_25' title="bbox 164 2406 1008 2487; baseline -0.001 -19"><span class='ocrx_word' id='word_1_164' title='bbox 164 2417 218 2468; x_wconf 83' lang='lat'><strong>861</strong></span> <span class='ocrx_word' id='word_1_165' title='bbox 233 2415 263 2468; x_wconf 90' lang='lat' dir='ltr'><strong>at</strong></span> <span class='ocrx_word' id='word_1_166' title='bbox 284 2406 444 2467; x_wconf 87' lang='lat' dir='ltr'><strong>levisomna</strong></span> <span class='ocrx_word' id='word_1_167' title='bbox 467 2424 573 2465; x_wconf 90' lang='lat' dir='ltr'><strong>eanum</strong></span> <span class='ocrx_word' id='word_1_168' title='bbox 595 2406 652 2467; x_wconf 85' lang='lat' dir='ltr'><strong>fido</strong></span> <span class='ocrx_word' id='word_1_169' title='bbox 676 2425 744 2466; x_wconf 87' lang='lat' dir='ltr'><strong>oum</strong></span> <span class='ocrx_word' id='word_1_170' title='bbox 765 2414 884 2484; x_wconf 83' lang='lat' dir='ltr'><strong>pectore</strong></span> <span class='ocrx_word' id='word_1_171' title='bbox 907 2407 1008 2487; x_wconf 86' lang='lat' dir='ltr'><strong>eorda,</strong></span> 
     </span>
     <span class='ocr_line' id='line_1_26' title="bbox 235 2494 1168 2577; baseline 0.003 -22"><span class='ocrx_word' id='word_1_172' title='bbox 235 2502 265 2555; x_wconf 89' lang='lat' dir='ltr'><strong>et</strong></span> <span class='ocrx_word' id='word_1_173' title='bbox 286 2512 379 2573; x_wconf 90' lang='lat' dir='ltr'><strong>genus</strong></span> <span class='ocrx_word' id='word_1_174' title='bbox 402 2511 488 2553; x_wconf 92' lang='lat' dir='ltr'><strong>omne</strong></span> <span class='ocrx_word' id='word_1_175' title='bbox 512 2494 589 2572; x_wconf 90' lang='lat' dir='ltr'><strong>quod</strong></span> <span class='ocrx_word' id='word_1_176' title='bbox 614 2502 659 2555; x_wconf 88' lang='lat' dir='ltr'><strong>est</strong></span> <span class='ocrx_word' id='word_1_177' title='bbox 681 2497 812 2555; x_wconf 88' lang='lat' dir='ltr'><strong>veterino</strong></span> <span class='ocrx_word' id='word_1_178' title='bbox 836 2496 948 2554; x_wconf 88' lang='lat' dir='ltr'><strong>semine</strong></span> <span class='ocrx_word' id='word_1_179' title='bbox 971 2502 1103 2577; x_wconf 86' lang='lat' dir='ltr'><strong>partum,</strong></span> <span class='ocrx_word' id='word_1_180' title='bbox 1127 2517 1168 2558; x_wconf 77' lang='grc'><strong>888</strong></span> 
     </span>
     <span class='ocr_line' id='line_1_27' title="bbox 234 2581 1004 2661; baseline 0.001 -20"><span class='ocrx_word' id='word_1_181' title='bbox 234 2582 439 2660; x_wconf 87' lang='lat' dir='ltr'><strong>lanigeraeque</strong></span> <span class='ocrx_word' id='word_1_182' title='bbox 463 2581 551 2642; x_wconf 90' lang='lat' dir='ltr'><strong>simul</strong></span> <span class='ocrx_word' id='word_1_183' title='bbox 573 2584 702 2661; x_wconf 83' lang='lat' dir='ltr'><strong>pecudes</strong></span> <span class='ocrx_word' id='word_1_184' title='bbox 725 2591 755 2643; x_wconf 87' lang='lat' dir='ltr'><strong>et</strong></span> <span class='ocrx_word' id='word_1_185' title='bbox 776 2581 885 2643; x_wconf 86' lang='lat' dir='ltr'><strong>bucera</strong></span> <span class='ocrx_word' id='word_1_186' title='bbox 910 2582 1004 2642; x_wconf 85' lang='lat' dir='ltr'><strong>saecla</strong></span> 
     </span>
     <span class='ocr_line' id='line_1_28' title="bbox 235 2670 1023 2751; baseline 0 -21"><span class='ocrx_word' id='word_1_187' title='bbox 235 2673 332 2730; x_wconf 90' lang='lat' dir='ltr'><strong>omnia</strong></span> <span class='ocrx_word' id='word_1_188' title='bbox 356 2677 424 2731; x_wconf 89' lang='lat' dir='ltr'><strong>sunt</strong></span> <span class='ocrx_word' id='word_1_189' title='bbox 445 2670 599 2731; x_wconf 91' lang='lat' dir='ltr'><strong>hominum</strong></span> <span class='ocrx_word' id='word_1_190' title='bbox 620 2671 728 2732; x_wconf 88' lang='lat' dir='ltr'><strong>tutelae</strong></span> <span class='ocrx_word' id='word_1_191' title='bbox 751 2670 870 2751; x_wconf 88' lang='lat' dir='ltr'><strong>tradita,</strong></span> <span class='ocrx_word' id='word_1_192' title='bbox 893 2670 1023 2731; x_wconf 90' lang='lat' dir='ltr'><strong>Memmi:</strong></span> 
     </span>
     <span class='ocr_line' id='line_1_29' title="bbox 164 2758 975 2839; baseline -0.012 -10"><span class='ocrx_word' id='word_1_193' title='bbox 164 2776 217 2829; x_wconf 77' lang='grc'><strong>888</strong></span> <span class='ocrx_word' id='word_1_194' title='bbox 235 2777 302 2820; x_wconf 92' lang='lat' dir='ltr'><strong>nam</strong></span> <span class='ocrx_word' id='word_1_195' title='bbox 325 2758 430 2837; x_wconf 84' lang='lat' dir='ltr'><strong>cupide</strong></span> <span class='ocrx_word' id='word_1_196' title='bbox 452 2759 554 2838; x_wconf 87' lang='lat' dir='ltr'><strong>lugere</strong></span> <span class='ocrx_word' id='word_1_197' title='bbox 577 2760 668 2839; x_wconf 83' lang='lat' dir='ltr'><strong>ieras,</strong></span> <span class='ocrx_word' id='word_1_198' title='bbox 690 2777 851 2838; x_wconf 88' lang='lat' dir='ltr'><strong>pacemque</strong></span> <span class='ocrx_word' id='word_1_199' title='bbox 874 2768 975 2820; x_wconf 82' lang='lat' dir='ltr'><strong>secuta</strong></span> 
     </span>
     <span class='ocr_line' id='line_1_30' title="bbox 164 2846 992 2928; baseline 0 -20"><span class='ocrx_word' id='word_1_200' title='bbox 164 2857 222 2908; x_wconf 83' lang='grc'><em>866</em></span> <span class='ocrx_word' id='word_1_201' title='bbox 237 2854 305 2908; x_wconf 92' lang='lat' dir='ltr'><strong>sunt</strong></span> <span class='ocrx_word' id='word_1_202' title='bbox 326 2854 357 2907; x_wconf 87' lang='lat' dir='ltr'><strong>at</strong></span> <span class='ocrx_word' id='word_1_203' title='bbox 378 2846 458 2926; x_wconf 88' lang='lat' dir='ltr'><strong>larga</strong></span> <span class='ocrx_word' id='word_1_204' title='bbox 481 2867 534 2909; x_wconf 93' lang='lat' dir='ltr'><strong>suo</strong></span> <span class='ocrx_word' id='word_1_205' title='bbox 559 2850 622 2908; x_wconf 89' lang='lat' dir='ltr'><strong>sine</strong></span> <span class='ocrx_word' id='word_1_206' title='bbox 645 2847 751 2926; x_wconf 92' lang='lat' dir='ltr'><strong>pabula</strong></span> <span class='ocrx_word' id='word_1_207' title='bbox 774 2855 857 2927; x_wconf 92' lang='lat' dir='ltr'><strong>parta</strong></span> <span class='ocrx_word' id='word_1_208' title='bbox 879 2847 992 2928; x_wconf 76' lang='lat' dir='ltr'><strong>labore,</strong></span> 
     </span>
     <span class='ocr_line' id='line_1_31' title="bbox 235 2935 1169 3016; baseline 0.003 -20"><span class='ocrx_word' id='word_1_209' title='bbox 235 2954 309 3015; x_wconf 89' lang='lat' dir='ltr'><strong>quae</strong></span> <span class='ocrx_word' id='word_1_210' title='bbox 333 2935 436 2996; x_wconf 93' lang='lat' dir='ltr'><strong>damus</strong></span> <span class='ocrx_word' id='word_1_211' title='bbox 458 2936 593 2997; x_wconf 89' lang='lat' dir='ltr'><strong>utilitatis</strong></span> <span class='ocrx_word' id='word_1_212' title='bbox 617 2954 719 2998; x_wconf 89' lang='lat' dir='ltr'><strong>eorum</strong></span> <span class='ocrx_word' id='word_1_213' title='bbox 742 2938 872 3016; x_wconf 90' lang='lat' dir='ltr'><strong>praemia</strong></span> <span class='ocrx_word' id='word_1_214' title='bbox 894 2954 989 2997; x_wconf 88' lang='lat' dir='ltr'><strong>eausa.</strong></span> <span class='ocrx_word' id='word_1_215' title='bbox 1127 2959 1169 2999; x_wconf 81' lang='lat' dir='ltr'><strong>oro</strong></span> 
     </span>
     <span class='ocr_line' id='line_1_32' title="bbox 236 3023 977 3104; baseline -0.001 -20"><span class='ocrx_word' id='word_1_216' title='bbox 236 3031 265 3084; x_wconf 89' lang='lat' dir='ltr'><strong>at</strong></span> <span class='ocrx_word' id='word_1_217' title='bbox 288 3025 353 3102; x_wconf 91' lang='lat' dir='ltr'><strong>quis</strong></span> <span class='ocrx_word' id='word_1_218' title='bbox 376 3023 419 3084; x_wconf 90' lang='lat' dir='ltr'><strong>nil</strong></span> <span class='ocrx_word' id='word_1_219' title='bbox 441 3025 547 3086; x_wconf 91' lang='lat' dir='ltr'><strong>borum</strong></span> <span class='ocrx_word' id='word_1_220' title='bbox 569 3023 674 3085; x_wconf 89' lang='lat' dir='ltr'><strong>tribuit</strong></span> <span class='ocrx_word' id='word_1_221' title='bbox 696 3031 813 3104; x_wconf 89' lang='lat' dir='ltr'><strong>natura,</strong></span> <span class='ocrx_word' id='word_1_222' title='bbox 835 3042 891 3084; x_wconf 89' lang='lat' dir='ltr'><strong>neo</strong></span> <span class='ocrx_word' id='word_1_223' title='bbox 913 3026 977 3103; x_wconf 92' lang='lat' dir='ltr'><strong>ipsa</strong></span> 
     </span>
     <span class='ocr_line' id='line_1_33' title="bbox 236 3111 1014 3192; baseline -0.001 -20"><span class='ocrx_word' id='word_1_224' title='bbox 236 3120 339 3192; x_wconf 88' lang='lat' dir='ltr'><strong>sponte</strong></span> <span class='ocrx_word' id='word_1_225' title='bbox 363 3131 415 3173; x_wconf 93' lang='lat' dir='ltr'><strong>sua</strong></span> <span class='ocrx_word' id='word_1_226' title='bbox 437 3121 559 3192; x_wconf 90' lang='lat' dir='ltr'><strong>possent</strong></span> <span class='ocrx_word' id='word_1_227' title='bbox 581 3119 615 3172; x_wconf 92' lang='lat' dir='ltr'><strong>ut</strong></span> <span class='ocrx_word' id='word_1_228' title='bbox 637 3115 734 3174; x_wconf 90' lang='lat' dir='ltr'><strong>vivere</strong></span> <span class='ocrx_word' id='word_1_229' title='bbox 757 3131 812 3172; x_wconf 89' lang='lat' dir='ltr'><strong>nec</strong></span> <span class='ocrx_word' id='word_1_230' title='bbox 836 3112 905 3172; x_wconf 88' lang='lat' dir='ltr'><strong>dare</strong></span> <span class='ocrx_word' id='word_1_231' title='bbox 929 3111 1014 3172; x_wconf 90' lang='lat' dir='ltr'><strong>nobis</strong></span> 
     </span>
     <span class='ocr_line' id='line_1_34' title="bbox 165 3199 985 3281; baseline 0 -21"><span class='ocrx_word' id='word_1_232' title='bbox 165 3218 218 3268; x_wconf 76' lang='lat' dir='ltr'><strong>aso</strong></span> <span class='ocrx_word' id='word_1_233' title='bbox 236 3200 392 3261; x_wconf 90' lang='lat' dir='ltr'><strong>utilitatem</strong></span> <span class='ocrx_word' id='word_1_234' title='bbox 416 3199 557 3281; x_wconf 87' lang='lat' dir='ltr'><strong>aliquam,</strong></span> <span class='ocrx_word' id='word_1_235' title='bbox 579 3219 670 3278; x_wconf 94' lang='lat' dir='ltr'><strong>quare</strong></span> <span class='ocrx_word' id='word_1_236' title='bbox 692 3207 860 3279; x_wconf 88' lang='lat' dir='ltr'><strong>pateremur</strong></span> <span class='ocrx_word' id='word_1_237' title='bbox 883 3218 985 3262; x_wconf 91' lang='lat' dir='ltr'><strong>eorum</strong></span> 
     </span>
     <span class='ocr_line' id='line_1_35' title="bbox 164 3289 1007 3369; baseline -0.001 -20"><span class='ocrx_word' id='word_1_238' title='bbox 164 3298 218 3349; x_wconf 82' lang='grc'><em>871</em></span> <span class='ocrx_word' id='word_1_239' title='bbox 235 3289 383 3368; x_wconf 88' lang='lat' dir='ltr'><strong>praesidio</strong></span> <span class='ocrx_word' id='word_1_240' title='bbox 406 3295 507 3348; x_wconf 90' lang='lat' dir='ltr'><strong>nostro</strong></span> <span class='ocrx_word' id='word_1_241' title='bbox 530 3289 612 3367; x_wconf 86' lang='lat' dir='ltr'><strong>pasci</strong></span> <span class='ocrx_word' id='word_1_242' title='bbox 635 3306 727 3365; x_wconf 89' lang='lat' dir='ltr'><strong>genus</strong></span> <span class='ocrx_word' id='word_1_243' title='bbox 751 3305 875 3367; x_wconf 88' lang='lat' dir='ltr'><strong>esseque</strong></span> <span class='ocrx_word' id='word_1_244' title='bbox 898 3296 1007 3369; x_wconf 87' lang='lat' dir='ltr'><strong>tutum,</strong></span> 
     </span>
     <span class='ocr_line' id='line_1_36' title="bbox 203 3375 1171 3457; baseline -0.003 -15"><span class='ocrx_word' id='word_1_245' title='bbox 203 3437 206 3442; x_wconf 90' lang='lat'><em>.</em></span> <span class='ocrx_word' id='word_1_246' title='bbox 236 3377 362 3457; x_wconf 87' lang='lat' dir='ltr'><strong>seilicet,</strong></span> <span class='ocrx_word' id='word_1_247' title='bbox 384 3376 457 3436; x_wconf 85' lang='lat' dir='ltr'><strong>haee</strong></span> <span class='ocrx_word' id='word_1_248' title='bbox 481 3375 545 3436; x_wconf 91' lang='lat' dir='ltr'><strong>aliis</strong></span> <span class='ocrx_word' id='word_1_249' title='bbox 568 3375 693 3454; x_wconf 87' lang='lat' dir='ltr'><strong>praedae</strong></span> <span class='ocrx_word' id='word_1_250' title='bbox 715 3375 856 3454; x_wconf 81' lang='lat' dir='ltr'><strong>lucroque</strong></span> <span class='ocrx_word' id='word_1_251' title='bbox 880 3377 1015 3438; x_wconf 82' lang='lat' dir='ltr'><strong>iacebant</strong></span> <span class='ocrx_word' id='word_1_252' title='bbox 1129 3400 1171 3441; x_wconf 81' lang='lat' dir='ltr'><strong>ors</strong></span> 
     </span>
     <span class='ocr_line' id='line_1_37' title="bbox 234 3462 911 3546; baseline -0.001 -20"><span class='ocrx_word' id='word_1_253' title='bbox 234 3465 406 3545; x_wconf 90' lang='lat' dir='ltr'><strong>indupedita</strong></span> <span class='ocrx_word' id='word_1_254' title='bbox 429 3465 490 3524; x_wconf 92' lang='lat' dir='ltr'><strong>suis</strong></span> <span class='ocrx_word' id='word_1_255' title='bbox 515 3462 650 3524; x_wconf 79' lang='lat' dir='ltr'><strong>fatalibus</strong></span> <span class='ocrx_word' id='word_1_256' title='bbox 674 3466 771 3524; x_wconf 91' lang='lat' dir='ltr'><strong>omnia</strong></span> <span class='ocrx_word' id='word_1_257' title='bbox 793 3464 911 3546; x_wconf 83' lang='lat' dir='ltr'><strong>vinclis,</strong></span> 
     </span>
    </p>
   </div>
   <div class='ocr_carea' id='block_1_3' title="bbox 235 3551 1032 3633">
    <p class='ocr_par' dir='ltr' id='par_1_3' title="bbox 235 3551 1032 3633">
     <span class='ocr_line' id='line_1_38' title="bbox 235 3551 1032 3633; baseline 0.001 -20"><span class='ocrx_word' id='word_1_258' title='bbox 235 3553 328 3615; x_wconf 88' lang='lat' dir='ltr'><strong>doneo</strong></span> <span class='ocrx_word' id='word_1_259' title='bbox 351 3552 387 3613; x_wconf 91' lang='lat' dir='ltr'><strong>ad</strong></span> <span class='ocrx_word' id='word_1_260' title='bbox 410 3554 563 3614; x_wconf 89' lang='lat' dir='ltr'><strong>interitum</strong></span> <span class='ocrx_word' id='word_1_261' title='bbox 586 3570 679 3632; x_wconf 88' lang='lat' dir='ltr'><strong>genus</strong></span> <span class='ocrx_word' id='word_1_262' title='bbox 702 3552 732 3612; x_wconf 93' lang='lat' dir='ltr'><strong>id</strong></span> <span class='ocrx_word' id='word_1_263' title='bbox 755 3560 859 3614; x_wconf 88' lang='lat' dir='ltr'><strong>natura</strong></span> <span class='ocrx_word' id='word_1_264' title='bbox 881 3551 1032 3633; x_wconf 79' lang='lat' dir='ltr'><strong>redegitll</strong></span> 
     </span>
    </p>
   </div>
   <div class='ocr_carea' id='block_1_4' title="bbox 0 0 1230 3998">
    <p class='ocr_par' dir='ltr' id='par_1_4' title="bbox 0 0 1230 3998">
     <span class='ocr_line' id='line_1_39' title="bbox 0 0 1230 3998; baseline 0 0"><span class='ocrx_word' id='word_1_265' title='bbox 0 0 1230 3998; x_wconf 95' lang='lat' dir='ltr'><strong> </strong></span> 
     </span>
    </p>
   </div>
  </div>
 </body>
</html>
