2438 3998
144 238 188 303 84
627 234 667 289 111

215 385 293 464 quod
316 385 382 443 fieri
403 389 499 443 tutum
522 390 624 443 contra
646 382 802 442 manifesta
825 381 911 442 docet
932 399 995 441 res:
1114 404 1155 444 cao

145 489 196 541 ono
215 490 341 550 namque
364 473 406 531 ita
429 478 568 531 conexast
589 489 644 549 per
665 488 755 530 venas
778 471 890 529 viscera
913 487 1019 529 nervos

216 577 354 639 ossaque,
377 561 421 619 uti
444 558 548 618 dentes
572 576 689 637 quoque
713 576 804 619 sensu
825 559 1053 638 participentur;

215 647 338 708 morbus
360 653 393 707 ut
415 647 539 726 indicat,
563 653 593 706 et
615 645 721 724 gelidai
744 648 875 723 stringor
897 648 997 725 aquai,

216 743 246 796 et
268 734 342 813 lapis
365 752 525 813 oppressus
549 733 647 794 subito
670 735 717 793 his
740 752 757 794 e
781 733 916 811 frugibus
939 751 1033 812 asper.
1114 756 1155 796 cae

217 841 307 901 quare
315 825 402 883 etiam
411 829 498 901 atque
506 823 698 900 etiamneque
706 823 830 899 originis
838 822 1103 901 esseputandumst
1113 845 1155 884 osc

146 929 198 978 ceo
217 913 347 990 expertis
369 913 482 970 animas
504 927 560 969 neo
583 909 635 969 leti
657 909 721 987 lege
745 908 870 969 solutas:

216 1018 283 1059 nam
306 1017 403 1077 neque
425 1005 620 1077 tantoopere
643 997 760 1057 adnecti
783 998 916 1075 potuisse
938 996 1130 1076 putandumst

217 1087 391 1166 corporibus
413 1088 524 1146 nostris
547 1088 733 1146 extrinsecus
754 1087 933 1165 insinuatas,

216 1193 285 1254 nec,
307 1182 368 1235 tam
390 1173 543 1234 contextae
566 1191 634 1233 cum
657 1176 730 1253 sint,
753 1174 834 1233 exire
857 1172 995 1233 videntur
1114 1194 1156 1235 aaa

217 1262 380 1322 incolumes
402 1280 491 1341 posse
514 1267 544 1321 et
567 1260 660 1321 salvas
683 1259 834 1321 exsolvero
858 1278 924 1320 sese

147 1366 199 1417 ant
218 1350 354 1411 omnibus
377 1368 393 1410 e
417 1351 515 1409 nervis
539 1355 626 1427 atque
649 1348 767 1409 ossibus
791 1347 989 1426 articulisque.

218 1438 296 1517 quod
319 1440 345 1496 si
368 1437 443 1496 forte
466 1444 552 1515 putas
575 1439 759 1497 extrinsecus
782 1438 960 1497 insinuatam

217 1542 390 1605 permanare
413 1526 540 1585 animam
562 1523 648 1584 nobis
671 1543 726 1604 per
747 1523 880 1585 membra
903 1523 1012 1604 solere,

218 1620 299 1673 tanto
322 1615 432 1692 quique
455 1614 548 1691 magis
571 1630 639 1672 cum
662 1630 786 1691 corpore
809 1613 874 1673 fusa
896 1612 1014 1691 peribit.
1115 1635 1156 1675 roo

218 1695 226 1783 Η
240 1701 318 1779 quod
341 1708 503 1779 permanat
517 1702 609 1780 enim,
632 1700 815 1780 dissolvitur,
838 1702 941 1761 interit
963 1718 1042 1778 ergo.
1060 1698 1071 1780 ll

149 1804 200 1856 τοο
219 1788 393 1868 dispertitus
416 1791 495 1848 enim
518 1806 572 1867 per
595 1787 692 1848 caulas
716 1789 849 1866 corporis
874 1790 969 1848 omnis

217 1883 251 1937 ut
274 1875 370 1956 cibus,
393 1878 425 1936 in
447 1876 579 1936 membra
601 1882 688 1954 atque
712 1884 793 1937 artus
817 1894 886 1936 cum
908 1875 1020 1937 diditur
1043 1879 1154 1958 omniS,

217 1964 343 2042 disperit
365 1971 452 2042 atque
475 1963 562 2024 aliam
584 1972 719 2024 naturam
742 1964 853 2024 suffieit
874 1982 911 2024 ex
934 1981 980 2044 se,

219 2053 262 2111 sic
285 2053 381 2110 anima
403 2058 490 2129 atque
514 2054 630 2111 animus
653 2053 785 2130 quamvis
808 2054 923 2130 integra
940 2070 1045 2112 reeens
1064 2049 1100 2112 c'u
1115 2074 1155 2114 ros

219 2157 326 2217 corpus
350 2145 433 2218 eunt,
456 2146 554 2198 tamen
577 2140 609 2199 in
631 2139 776 2200 manando
800 2139 1015 2220 dissoluuntur,

148 2242 200 2293 ‘105
218 2227 288 2286 dum
312 2228 397 2304 qnasi
418 2244 472 2304 per
495 2226 593 2286 caulas
616 2229 712 2287 omnis
734 2227 877 2288 diduntur
899 2230 931 2287 in
954 2236 1035 2288 artus

217 2312 378 2395 particulae
402 2313 509 2392 qrribns
532 2314 605 2375 haec
628 2317 718 2374 animi
740 2322 844 2375 natura
867 2322 998 2395 creatur,

219 2420 293 2481 quae
316 2404 448 2462 nuncin
472 2408 574 2461 nostro
598 2402 766 2463 dominatur
789 2420 913 2482 corpore
935 2410 1003 2463 nata

218 2509 255 2551 ex
277 2488 326 2550 illa
349 2507 423 2569 quae
446 2497 509 2549 tum
533 2492 622 2569 periit
644 2493 752 2573 partita
774 2507 828 2569 per
850 2499 940 2552 artus.
1116 2515 1156 2554 uo

218 2585 398 2657 quapropter
420 2596 515 2656 neque
538 2577 629 2638 natali
650 2580 763 2656 privata
786 2578 903 2639 ridetur

149 2682 199 2731 ⁷10
218 2684 284 2726 esse
308 2667 355 2726 die
378 2672 481 2726 natura
505 2668 618 2726 animae
641 2684 697 2726 nec
720 2667 834 2727 funeris
857 2685 972 2747 expers.

262 2754 379 2815 Semina
401 2761 554 2832 praeterea
577 2753 760 2835 linquontur,
783 2772 892 2836 necne,
914 2757 1023 2815 animai

58 2769 192 2922 (-
217 2859 341 2920 corpore
364 2844 395 2901 iu
419 2838 575 2902 exanimo?
611 2841 689 2921 quod
712 2844 739 2902 si
760 2841 912 2903 lincuntur
934 2849 964 2902 ct
985 2845 1101 2922 insunt,

216 2930 288 2989 haut
310 2931 368 2989 erit
389 2935 424 2989 ut
445 2932 551 2990 merito
573 2929 738 2990 inmortalis
760 2932 855 3010 possit
877 2929 994 3011 haberi,
1114 2954 1155 2994 ru

216 3016 349 3096 partibus
373 3019 490 3077 amissis
514 3019 653 3095 quoniam
675 3016 765 3078 libata
787 3020 926 3078 recessit:

147 3120 199 3171 ⁷15
218 3107 265 3164 sin
287 3108 328 3164 ita
351 3106 476 3164 sinceris
499 3104 641 3164 membris
664 3104 758 3166 ablata
780 3107 925 3186 profugit,

217 3199 251 3252 ut
273 3191 368 3251 nullas
390 3194 483 3270 partis
506 3194 538 3251 in
561 3209 684 3271 corpore
707 3193 829 3272 liquerit
852 3212 888 3254 ex
912 3211 959 3274 se,

217 3279 296 3339 uude
319 3279 459 3339 cadavera
482 3282 616 3340 rancenti
638 3283 697 3340 iam
719 3283 832 3342 viscere
855 3299 972 3343 vermes

218 3369 367 3447 expirant,
391 3374 478 3446 atque
501 3367 579 3428 unde
603 3370 784 3429 animantum
808 3372 892 3448 copia
915 3376 996 3430 tanta

219 3473 290 3516 exos
313 3462 343 3515 et
366 3457 523 3534 exsanguis
546 3458 676 3517 tumidos
699 3457 876 3537 perfluctuat
894 3455 998 3518 artus?

149 3560 201 3611 tto
220 3544 299 3624 quod
321 3546 349 3605 si
371 3543 448 3605 forte
471 3547 583 3606 animas
607 3547 792 3607 extrinsecus
814 3547 960 3606 insinuari
