2438 3998
594 203 607 257 1
1009 199 1101 289 a

99 355 153 407 435
169 352 306 439 augmine
328 347 374 410 rel
397 349 501 429 grandi
522 350 569 423 vel
590 367 680 454 parvo
703 349 844 453 denique,
867 349 937 437 dum
959 351 1011 431 sit,
1060 362 1101 429 ιιι

169 440 218 500 cui
241 439 268 498 si
285 428 385 500 tactus
409 440 467 498 erit
489 439 621 517 quamvis
644 437 717 500 levis
740 439 935 524 exiguusque,
1060 450 1101 494 ιιι

98 534 151 587 400
170 528 302 609 corporis
326 525 444 606 augebit
465 545 623 609 numerum
645 544 846 604 summamque
870 531 1022 609 sequ9tur.

170 616 216 675 sin
239 612 369 676 intactile
393 616 462 699 erit,
484 612 564 691 nulla
587 613 623 676 de
646 621 730 694 parte
753 613 830 693 quod
852 613 945 691 ullam¹

169 720 233 763 rem
255 701 412 782 prohibere
437 661 524 782 queat
545 719 600 782 per
622 721 653 763 00
676 703 803 765 transire
825 695 985 785 meantem,

171 790 296 871 scilicet,
318 790 375 851 hoe
396 790 426 851 id
450 792 520 872 erit,
541 809 665 852 vacuum
688 789 875 879 quon
897 808 1043 857 vocamus.

99 887 154 938 440
169 886 322 959 praeterea
343 897 398 959 per
420 897 452 940 00
474 837 661 958 quodw
570 896 695 959 cumque
714 879 780 959 erit,
803 885 853 961 aut
870 878 957 940 saciet
975 877 1045 964 quid
1059 892 1103 943 040
1207 888 1208 893 ’

99 974 152 1024 405
169 975 220 1032 aut
242 966 307 1027 aliis
330 966 413 1046 lungi
436 965 556 1030 debebit
577 965 761 1046 agentibus
753 984 863 1070 1psu1n,
1111 990 1113 994 ·

171 1063 220 1117 aut
242 1057 300 1117 erit
321 1062 355 1115 ut
376 1057 491 1134 possint
513 1057 545 1115 in
568 1073 602 1123 eo
625 1073 674 1119 res
697 1072 763 1121 0000
786 1057 921 1133 gerique:

147 1142 151 1150 ’
172 1143 318 1205 atlacere
341 1149 372 1204 et
392 1144 475 1222 fungi
497 1145 562 1204 sine
584 1161 707 1247 corpqre
729 1141 809 1203 nulla
831 1149 929 1221 potest
951 1160 1014 1223 ros,

170 1251 225 1293 neo
247 1231 389 1319 praebere
412 1230 508 1293 locum
529 1249 618 1319 porro
640 1232 699 1292 nisi
717 1232 811 1309 ’00000
830 1249 1002 1319 vacansque

99 1328 153 1378 445
170 1338 253 1400 ergo,
275 1310 423 1399 praeter
415 1337 523 1422 Q
524 1325 554 1381 et
576 1336 711 1400 corpora,
733 1321 821 1380 tertia
823 1337 897 1400 per
919 1337 951 1380 00
1059 1331 1101 1403 ιιιΙ

101 1417 153 1466 440
170 1408 251 1469 00110
272 1415 370 1487 potest
392 1426 492 1469 rerum
514 1408 546 1468 in
568 1425 691 1469 numero
713 1415 817 1469 natura
840 1407 982 1489 relinqui,

170 1516 226 1558 000
249 1514 322 1578 quae
346 1495 400 1557 sub
424 1514 529 1557 seusus
552 1496 636 1581 cadat
656 1493 716 1556 ullo
738 1503 871 1575 tempore
893 1502 1024 1600 nostros,

171 1604 226 1646 nec
249 1587 361 1645 ratione
385 1586 476 1649 animi
497 1601 584 1662 quam
607 1585 761 1663 quisquam
783 1586 879 1669 possit
901 1586 1001 1663 apisci

215 1671 289 1733 Nam
311 1691 385 1776 quae
407 1690 532 1776 cumque
551 1666 658 1753 cluent,
680 1678 731 1732 aut
746 1670 793 1734 his
812 1674 968 1733 coniuncta
986 1670 1099 1734 duabus

101 1769 158 1820 450
171 1760 259 1823 rebus
282 1779 316 1821 ea
338 1763 470 1821 invenies
493 1760 668 1821 autharum
691 1756 794 1821 eventa
815 1759 936 1821 ridebis
1059 1773 1099 1816 400
1160 1765 1163 1770 ’

102 1857 155 1906 445
174 1851 361 1915 coniunctum
384 1848 482 1910 estid
505 1847 583 1952 quod
605 1866 751 1928 nusquam
773 1848 837 1908 sine
858 1847 1014 1927 perniciali

174 1916 349 1998 (Ῑῖεᾶιῖιο
319 1939 398 2016 potis
421 1944 468 1998 est
490 1938 605 2016 seiungi
628 1954 719 2016 seque
741 1937 869 2016 gregar13

172 2024 287 2104 pondus
309 2027 369 2085 uti
377 2027 469 2106 saxis,
492 2023 571 2086 calor
592 2026 695 2106 ignist,
717 2023 815 2128 liquqr
837 2026 935 2127 aquai,

172 2121 267 2174 tactus
290 2112 463 2194 corporibus
486 2115 613 2194 cunctis,
635 2114 793 2175 intactus
785 2114 873 2174 urani

102 2208 157 2260 455
173 2202 324 2262 servitium
348 2208 462 2285 contra,
484 2209 654 2283 paupertas,
677 2183 866 2282 divitiaeque,
1060 2212 1099 2255 ιιι

103 2298 155 2347 400
173 2288 307 2370 libertaS,
328 2288 451 2371 bellum,
474 2288 643 2371 concordia,
666 2297 764 2351 cetera
786 2307 912 2369 quorum
1008 2308 1018 2317 ‘¹

173 2378 298 2438 adventu
320 2385 420 2439 manet
441 2376 597 2439 incolumis
619 2386 723 2439 natura
746 2376 898 2458 abituque,

171 2466 244 2526 haec
267 2463 347 2540 soliti
369 2484 484 2547 00000,
506 2473 540 2526 ut
562 2485 615 2546 par
637 2472 695 2548 est,
718 2472 821 2527 eventa
842 2481 955 2526 vocare.

173 2561 289 2633 tempus
312 2555 384 2614 item
406 2572 460 2644 per
482 2572 514 2615 se
536 2572 596 2616 uon
619 2561 677 2636 est,
700 2553 751 2615 sed
773 2552 863 2615 rebus
885 2552 952 2614 ab
944 2553 1018 2631 1psis

103 2651 160 2701 460
175 2643 365 2721 consequitur
387 2660 504 2724 sensus,
526 2649 706 2705 transactum
728 2641 799 2721 quid
822 2643 914 2702 sitm
937 2658 1021 2721 aevo,
1062 2655 1101 2701 (00,

103 2738 155 2787 450
173 2737 236 2791 tum
259 2748 334 2810 quae
356 2749 406 2792 res
428 2690 530 2812 instet,
553 2730 624 2810 quid
646 2747 735 2817 porro
759 2728 865 2790 deinde
888 2735 1041 2808 sequatur·

173 2837 229 2879 nec
251 2837 305 2898 per
328 2836 360 2879 00
383 2837 559 2899 quemquam
580 2826 697 2907 tempus
720 2821 830 2879 sentire
853 2816 1032 2905 fatendumst

174 2914 320 2968 semotum
342 2905 378 2967 ab
401 2926 501 2968 rerum
523 2913 605 2968 motu
627 2896 804 2987 placidaque
822 2907 930 2985 quiete.

173 2988 183 3079 ll
196 2995 323 3075 denique
346 2995 541 3075 Tyndaridem
563 3002 675 3074 raptam
697 2994 832 3074 belloque
856 2993 991 3065 subactas

103 3091 158 3142 465
174 3083 355 3163 Troiugenas
378 3086 474 3162 gentis
497 3101 564 3146 cum
586 3078 688 3145 dicunt
710 3101 789 3164 esse,
811 3081 998 3145 videndumst
1063 3093 1103 3136 (ιι

104 3180 155 3234 400
173 3191 211 3234 00
235 3173 311 3233 sorte
333 3172 406 3233 haec
427 3189 482 3252 per
504 3189 536 3233 se
560 3177 665 3251 cogant
685 3189 745 3232 000
763 3189 829 3237 0000
851 3170 950 3251 fateri,

175 3260 291 3341 quando
306 3278 340 3322 ea
354 3259 449 3322 saecla
462 3261 624 3364 bominum,
638 3277 763 3345 quorum
777 3258 849 3320 baec
863 3265 966 3320 eventa
975 3258 1104 3339 fuerunt,

174 3344 380 3410 inrevocabilis
403 3348 586 3417 abstulerit
578 3365 636 3408 ram
658 3349 818 3428 praeterita
840 3354 932 3408 aetas:

173 3456 300 3518 namque
323 3436 401 3499 aliud
424 3435 541 3525 saeclis,
565 3434 642 3498 aliud
666 3435 868 3516 regionibus
860 3437 933 3516 ipsis

595 3543 615 3589 ι,
