2438 3998
138 217 181 280 86
624 217 663 271 ΙΙΙ

207 362 335 442 denique
359 371 392 424 ut
414 365 563 424 intereant
585 381 643 423 una
666 381 733 423 cum
757 380 881 442 corpore
905 369 1036 422 cunctae.

634 468 653 509 0

208 538 252 598 sic
275 540 388 612 animas
410 538 565 599 hominum
587 538 688 599 dicent
710 541 742 598 in
765 555 890 618 corpora
913 556 1031 617 semper
1109 559 1148 600 70

208 627 253 685 ire
276 625 417 707 humana,
439 634 538 687 tamen
562 644 702 706 quaeram
725 644 779 686 cur
800 644 818 686 0
842 628 969 707 sapienti

138 730 190 779 700
209 712 298 774 stulta
322 721 410 794 queat
432 716 512 795 lieri,
535 733 590 776 nec
612 714 744 795 prudens
767 715 807 774 sit
829 733 904 794 puer
925 710 1027 775 ullus?

208 795 218 885 ll
231 820 287 862 nec
309 809 370 862 tam
393 803 497 864 doctus
521 821 613 882 equae
634 801 732 882 pullus
752 820 840 881 quam
858 802 944 863 fortis
963 803 1032 880 equi
1050 802 1103 861 vis.
1122 797 1133 880 ΙΙ

210 889 337 970 scilicet,
360 893 391 951 in
413 898 518 952 tenero
540 898 728 952 tenerascere
750 908 875 969 corpore
898 898 1029 951 mentem
1109 911 1150 951 700

210 978 389 1056 confugient.
427 978 504 1058 quod
529 981 556 1040 si
578 981 636 1040 iam
659 980 705 1059 fit,
727 977 837 1038 fateare
861 985 1014 1040 necessest

139 1081 194 1132 7⁶5
208 1065 362 1126 mortalem
385 1085 450 1127 esse
473 1069 614 1147 animam,
637 1068 775 1145 quoniam
798 1073 910 1128 mutata
933 1085 987 1146 per
1010 1073 1091 1126 artus

140 1169 191 1219 700
209 1160 291 1214 tanto
315 1172 404 1232 opere
428 1157 536 1215 amittit
558 1157 648 1215 vitam
672 1172 850 1233 sensumque
874 1157 1013 1234 priorem.

211 1260 304 1321 quove
327 1243 414 1302 modo
436 1245 547 1320 poterit
567 1245 680 1322 pariter
702 1260 770 1302 cum
793 1260 917 1322 corpore
941 1261 1057 1321 quoque

211 1330 382 1390 confirmata
405 1333 538 1409 cupitum
561 1332 665 1391 aetatis
687 1337 809 1410 tangere
832 1331 936 1391 llorem
1110 1352 1151 1391 aro

210 1419 254 1476 vis
277 1419 382 1497 animi,
404 1419 464 1478 nisi
487 1420 544 1478 erit
567 1436 689 1478 consors
713 1420 745 1478 in
768 1420 881 1497 origine
903 1415 1021 1498 prima?

140 1520 194 1572 770
208 1505 315 1584 quidve
337 1505 417 1566 foras
440 1505 498 1566 sibi
520 1505 582 1567 vult
604 1506 747 1567 membris
770 1508 851 1567 exire
875 1502 1026 1567 senentis?

140 1610 192 1660 770
210 1611 248 1653 00
270 1595 376 1654 metuit
398 1592 535 1655 conclusa
558 1612 678 1655 manere
701 1596 733 1654 in
756 1613 879 1674 corpore
902 1596 996 1674 putri,

211 1689 241 1741 et
263 1681 368 1742 domus
393 1684 497 1743 aetatis
520 1685 675 1762 spatione
699 1683 776 1742 sessa
799 1690 915 1743 vetusto

211 1767 337 1830 obruat?
373 1776 403 1830 at
424 1789 484 1831 non
508 1777 577 1831 sunt
599 1769 760 1830 immortali
781 1769 841 1830 ulla
863 1770 982 1849 pericla.
1110 1792 1150 1832 ara

254 1856 387 1937 Denique
411 1858 536 1919 conubia
559 1858 595 1919 ad
618 1858 741 1919 Veneris
763 1866 925 1937 partusque
948 1859 1077 1919 serarum

140 1960 195 2010 775
209 1963 275 2005 esse
299 1949 412 2006 animas
434 1954 552 2025 praesto
576 1945 772 2007 deridiculum
795 1963 861 2006 esse
884 1946 1014 2006 videtur:
1099 1977 1102 1983 ·

141 2050 192 2097 770
211 2040 366 2112 expectare
390 2033 563 2094 immortalis
586 2033 721 2095 mortalia
743 2033 875 2095 membra

211 2122 367 2181 innumero
391 2140 527 2201 numero,
550 2129 724 2200 certareque
746 2128 1012 2201 praeproperanter

211 2210 289 2267 inter
313 2227 344 2268 se
368 2203 443 2287 quae
466 2211 562 2288 prima
584 2211 796 2288 potissimaque
819 2211 1000 2290 insinuetur3
1111 2232 1151 2272 reo

211 2298 321 2356 sinon
344 2297 419 2357 sorte
442 2298 482 2356 ita
506 2303 576 2356 sunt
598 2299 762 2358 animarum
785 2297 905 2358 foedera
927 2304 1025 2377 pocta,

140 2399 196 2450 700
209 2390 243 2443 ut
266 2402 341 2463 quae
363 2385 459 2463 prima
481 2383 581 2444 volans
605 2385 758 2459 advenerit
779 2387 948 2446 insinuetur

141 2488 193 2537 780
211 2473 320 2552 prima,
343 2490 439 2551 neque
462 2474 541 2532 inter
564 2490 596 2532 se
619 2472 798 2533 contendant
819 2473 932 2533 viribus
955 2471 1057 2533 hilum.

253 2558 387 2639 Denique
410 2562 442 2620 in
465 2561 584 2621 aethere
607 2579 667 2621 uon
689 2559 789 2641 arbor,
812 2578 873 2621 non
895 2578 1023 2640 aequore
1047 2559 1125 2621 salso

210 2646 305 2707 nubes
329 2666 394 2708 esse
418 2655 542 2729 queunt,
565 2666 621 2709 nec
643 2650 741 2727 pisces
763 2651 862 2709 vivere
884 2651 917 2709 in
938 2651 1029 2730 arvis,
1110 2671 1151 2712 700

210 2753 267 2795 neo
289 2753 378 2796 cruor
400 2738 432 2797 in
454 2736 542 2815 lignis
565 2754 662 2815 neque
686 2739 764 2797 saxis
788 2754 878 2797 sucus
901 2738 1009 2796 inesse.

140 2838 196 2889 705
210 2830 324 2883 certum
351 2843 385 2884 ac
412 2824 618 2904 dispositumst
640 2823 692 2884 uhi
715 2823 855 2904 quicquid
879 2832 994 2885 crescat
1015 2830 1046 2885 00
1068 2826 1149 2884 insit.

140 2927 191 2976 780
212 2913 255 2972 sic
278 2914 368 2972 animi
391 2920 495 2973 natura
517 2915 621 2991 nequit
644 2914 708 2972 sine
732 2930 856 2991 corpore
879 2914 953 2972 oriri

211 2998 272 3059 sola
295 3017 392 3078 neque
416 3003 554 3061 enervis
578 3007 607 3061 et
631 3002 772 3081 sanguine
796 2999 923 3078 longiter
945 3017 1019 3060 esse.

211 3087 288 3166 quod
313 3089 339 3147 si
361 3095 462 3167 posset
486 3091 578 3169 enim,
601 3088 693 3149 multo
715 3090 800 3168 prius
823 3090 887 3167 ipsa
909 3089 1001 3148 animi
1022 3089 1068 3148 vis
1110 3109 1150 3149 rao

210 3176 242 3234 in
265 3177 361 3254 capite
384 3184 434 3237 aut
457 3179 569 3237 umeris
592 3185 642 3238 aut
665 3179 733 3238 imis
756 3175 886 3236 calcibus
908 3193 975 3236 esse

139 3279 195 3330 790
210 3270 312 3341 posset
334 3269 365 3324 et
386 3266 501 3325 innasci
524 3267 627 3343 quavis
650 3267 681 3325 in
704 3269 786 3343 parte
810 3262 932 3344 soleret,

140 3368 190 3416 700
210 3350 328 3411 tandem
346 3353 377 3411 in
397 3351 502 3412 eodem
519 3354 639 3413 homine
658 3359 745 3432 atque
763 3353 795 3411 in
814 3350 918 3411 eodem
937 3369 1005 3411 vase
1019 3368 1149 3411 manere.

210 3438 288 3517 quod
312 3441 451 3518 quoniam
473 3448 576 3501 nostro
600 3459 716 3520 quoque
740 3444 855 3500 constat
877 3456 1001 3519 corpore
1025 3445 1150 3518 certum,

524 3522 763 3607 [rca]=744.
