2438 3998
103 254 105 259 ⁴
138 246 203 310 140
622 245 648 299 V

207 410 267 452 non
290 391 360 452 alias
384 390 435 451 alii
457 408 574 470 quoque
597 409 646 452 res
669 393 804 452 cecinere
827 388 953 470 poetae?

208 498 266 559 quo
288 487 333 540 tot
354 480 429 540 lacta
451 481 548 539 virum
570 482 680 540 totiens
703 480 836 541 cecidere
859 498 954 558 neque
978 497 1106 558 usquam

209 570 337 628 aeternis
360 567 453 628 lamae
475 570 666 628 monimentis
689 569 778 628 insita
801 564 928 628 florent?
1076 560 1081 566 ’

138 672 191 722 330
208 674 319 735 verum,
337 664 370 717 ut
384 658 497 736 opinor,
510 655 599 718 habet
612 658 771 717 novitatem
785 674 907 735 summa,
920 672 1086 733 recensque
1100 677 1147 717 330

138 760 191 810 331
207 751 341 805 naturast
362 744 466 804 mundi
486 762 583 822 neque
605 744 721 823 pridem
744 744 865 805 exordia
887 746 972 822 cepit.

210 850 300 911 qnare
323 835 412 893 etiam
435 832 577 912 quaedam
600 849 678 893 nunc
701 839 779 893 artes
802 831 1001 910 expoliuntur,

209 923 398 981 nuncetiam
422 928 595 998 augescunt:
618 938 697 981 nunc
719 920 817 981 addita
840 923 963 999 navigiis
986 926 1055 980 sunt

204 1008 312 1089 multa,
335 1009 422 1069 modo
445 1010 576 1087 organici
598 1008 719 1069 melicos
742 1026 885 1087 peperere
909 1025 1044 1087 3030333,

139 1113 191 1161 333
210 1097 336 1176 denique
359 1105 463 1157 natura
484 1096 557 1156 baec
579 1115 680 1157 rerum
703 1099 836 1175 ratioque
859 1103 1005 1175 repertast
1101 1118 1145 1158 333

139 1198 194 1250 333
209 1204 317 1266 nuper,
340 1192 370 1245 et
390 1185 466 1245 banc
488 1186 602 1263 primus
625 1203 693 1245 cum
715 1187 820 1263 primis
843 1186 907 1264 ipse
930 1190 1067 1263 repertus

208 1291 287 1334 nunc
310 1291 364 1351 ego
388 1291 453 1332 sum
475 1274 507 1332 in
529 1275 639 1350 patrias
663 1275 714 1351 qui
735 1275 848 1352 possim
870 1279 985 1332 vertere
1008 1290 1104 1332 voces.

210 1361 288 1440 quod
312 1364 338 1420 si
360 1360 435 1421 forte
459 1359 549 1420 luisse
572 1360 695 1421 antebac
718 1361 820 1421 eadem
843 1363 940 1421 omnia
964 1360 1075 1440 credis,

143 1506 144 1513 ,
210 1449 262 1509 sed
284 1451 410 1527 periisse
433 1448 585 1508 bominum
606 1451 733 1509 torrenti
755 1449 850 1509 saecla
872 1466 992 1527 vapore,

139 1554 191 1602 330
210 1543 261 1598 aut
283 1536 425 1597 cecidisse
448 1535 531 1596 urbis
553 1554 659 1615 magno
681 1540 833 1597 vexamine
857 1537 972 1616 mundi,
1102 1559 1148 1600 seo

139 1640 192 1690 341
209 1633 259 1686 aut
281 1643 317 1684 ex
340 1624 484 1684 imbribus
507 1625 639 1685 adsiduis
661 1628 758 1685 exisse
781 1643 902 1704 rapaces

209 1732 263 1793 per
284 1720 380 1773 terras
403 1731 504 1773 amnes
528 1721 614 1792 atquc
638 1713 746 1793 oppida
769 1715 971 1793 cooperuisse,

208 1808 289 1862 tanto
313 1803 421 1880 quique
444 1803 537 1879 magis
559 1804 654 1862 victus
677 1803 786 1862 fateare
808 1808 960 1862 necessest

210 1892 332 1950 exitium
355 1907 472 1968 quoque
495 1896 642 1950 terrarum
664 1889 796 1969 caelique
820 1889 964 1950 futurum:

139 1993 191 2042 333
210 1995 277 2037 nam
300 1995 367 2038 cum
389 1996 439 2037 res
462 1979 551 2037 tantis
572 1977 685 2037 morbis
707 1980 854 2056 tantisque
879 1976 999 2056 periclis
1103 2000 1147 2040 333

139 2079 193 2131 346
210 2072 437 2145 temptarentur,
460 2064 503 2124 ibi
525 2068 552 2124 si
572 2068 688 2125 tristior
711 2065 895 2126 incubuisset

210 2172 310 2233 causa,
334 2152 438 2212 darent
459 2151 517 2213 late
541 2151 653 2213 cladem
676 2172 853 2232 magnasque
877 2155 987 2214 ruinas.

210 2259 265 2301 nec
288 2242 400 2301 ratione
424 2239 480 2300 alia
501 2241 640 2301 mortales
663 2259 730 2302 esse
753 2241 887 2302 videmur

210 2331 288 2389 inter
310 2345 378 2409 noa,
400 2330 459 2388 nisi
483 2328 560 2407 quod
582 2329 695 2389 morbis
718 2332 916 2409 aegrescimus
939 2330 1032 2389 isdem

139 2431 191 2480 340
211 2424 298 2494 atque
321 2415 364 2475 illi
387 2434 461 2494 quos
484 2434 500 2476 a
523 2419 582 2477 vita
605 2426 709 2478 natura
731 2420 864 2477 removit.
1104 2440 1149 2479 330

139 2518 193 2570 331
254 2504 408 2564 Praeterea
433 2523 633 2584 quaecumque
656 2513 775 2565 manent
798 2513 916 2566 aeterna
939 2510 1094 2565 necessust

210 2600 274 2672 aut,
296 2595 365 2670 qnia
389 2600 457 2653 sunt
480 2593 573 2653 solido
597 2612 664 2654 oum
688 2611 824 2674 corpore,
847 2611 988 2672 respuere
1012 2595 1089 2652 ictus

210 2699 265 2740 nec
288 2687 443 2758 penetrare
465 2684 526 2760 pati
549 2682 606 2742 sibi
629 2684 786 2761 quicquam
810 2681 887 2760 quod
911 2687 998 2760 queat
1022 2688 1100 2740 artas

211 2768 370 2828 dissociare
394 2771 474 2830 intus
496 2772 602 2851 partis,
624 2777 658 2830 ut
680 2771 814 2830 materiai

138 2872 190 2922 343
210 2874 333 2934 corpora
355 2865 437 2938 sunt,
460 2876 586 2937 quorum
608 2865 742 2918 naturam
766 2858 948 2918 ostendimus
973 2864 1053 2937 ante,
1103 2881 1149 2922 333

138 2960 193 3011 333
210 2952 260 3004 aut
282 2945 349 3004 ideo
372 2945 478 3006 durare
502 2953 627 3007 aetatem
648 2964 736 3025 posse
759 2964 813 3025 per
836 2963 967 3025 omnem,

209 3031 360 3110 plagarum
383 3036 451 3112 qnia
474 3041 544 3094 sunt
566 3036 711 3114 expertia,
735 3036 811 3094 sicut
835 3037 963 3112 inanest,

209 3120 287 3199 quod
310 3130 410 3182 manet
432 3124 574 3182 intactum
596 3139 693 3201 neque
716 3121 752 3182 ab
776 3125 837 3181 ictu
860 3123 992 3199 iungitur
1015 3120 1109 3181 hilum
1116 3169 1126 3201 ,

209 3215 259 3268 aut
282 3211 370 3269 etiam
394 3212 462 3289 quia
485 3207 564 3270 nulla
586 3207 646 3269 loci
667 3209 700 3269 fit
723 3212 805 3287 copia
829 3212 955 3289 circum,

138 3312 190 3362 330
209 3315 267 3375 quo
291 3300 375 3376 quasi
397 3316 446 3358 res
469 3298 584 3376 possint
606 3296 760 3357 discedere
783 3296 979 3377 dissoluiquc,
1106 3322 1151 3361 eeo

137 3401 188 3451 361
209 3387 286 3444 sicut
309 3402 490 3446 summarum
512 3390 655 3444 summast
677 3391 809 3466 aeterna,
832 3404 928 3464 neque
953 3393 1034 3447 extra

209 3475 260 3551 qui
287 3472 369 3533 locus
392 3480 438 3533 est
461 3490 518 3552 quo
542 3472 681 3552 dissiliat,
709 3490 805 3551 neque
829 3492 952 3553 corpora
976 3484 1045 3535 sunt
1069 3494 1148 3553 quae

207 3562 325 3639 possint
346 3560 477 3621 incidere
501 3568 531 3622 et
552 3560 647 3622 valida
670 3560 831 3622 dissolvere
853 3562 945 3643 plaga.
