2438 3998
459 250 742 309 PROLEGOMENA.
999 255 1111 310 LXXXI

91 416 120 475 p.
139 393 227 458 2375
246 415 365 458 versum
383 397 420 458 Vl
438 397 456 458 l.
477 396 542 461 889
562 401 602 459 ita
621 402 767 479 scriptum
785 400 907 462 exbibet
921 397 940 462 ἱ
951 449 958 462 .
969 449 975 462 .
987 400 1112 480 fociant

91 481 212 565 oqnoe'.
265 503 369 546 rerum
407 505 476 547 cum
507 486 586 547 lieda
623 490 687 566 ipse
725 488 866 568 syllabam
898 490 1108 568 paenultimam

92 573 209 651 longam
237 591 303 634 esse
326 573 412 655 velit,
435 574 472 634 de
496 572 575 635 illius
598 578 700 636 nescio
724 579 810 638 cuius
833 580 1018 655 grammatici
1040 596 1109 639 auc·

90 663 210 721 toritate
230 661 404 722 addubitare
425 661 504 723 licet.
546 662 675 742 denique
698 682 752 725 cur
774 664 890 725 librarii
913 665 986 727 illud
1008 682 1109 744 aquae

93 742 220 832 (acuar)
257 749 443 829 trisyllabum
478 750 529 811 hic
564 753 663 811 minus
699 751 823 812 tulerint
852 770 940 831 quam
967 771 993 815 v.
1024 754 1109 820 1063

90 834 246 898 tulerunt?
278 870 321 881 —
352 835 417 901 892
449 835 548 901 molta
571 887 577 898 .
598 887 604 899 .
624 887 631 899 .
654 836 776 901 semino
805 836 919 902 babent
947 837 1032 919 ienis

92 923 229 989 latentis
259 925 291 986 B.
323 925 376 986 Mr.
409 928 541 989 tenentes
572 925 631 998 00.
663 926 790 1007 tepentis
821 927 897 1009 Lm,
929 931 1015 1007 quasi
1047 945 1107 988 non

92 1016 225 1074 omnium
257 1016 335 1091 ignis
363 1017 511 1075 seminum
539 1034 596 1078 una
625 1017 665 1076 sit
692 1024 809 1095 natura,
837 1033 912 1095 quae
941 1034 1008 1076 cum
1037 1032 1106 1075 con-

92 1102 215 1183 fluxere,
237 1109 338 1162 creant
360 1102 506 1164 incendia.
547 1101 711 1183 taedaeque
733 1106 891 1166 amentes
909 1103 1015 1183 Rerglr.
1039 1121 1106 1163 ann.

90 1190 191 1268 philol.
215 1188 315 1250 LXVII
335 1208 363 1270 p.
378 1187 442 1250 327
462 1208 523 1250 non
537 1192 644 1249 inscite
658 1188 711 1250 sed
725 1206 829 1267 parum
843 1192 973 1269 proprie.
989 1223 1027 1234 -
1045 1186 1110 1250 892

90 1275 174 1356 lapis
189 1295 335 1357 ...quem
353 1273 508 1357 Meqeeto
524 1279 634 1340 voearet
643 1277 751 1358 patrio
769 1277 805 1340 de
822 1278 947 1342 nomine
965 1272 1107 1361 (patrm
1207 1359 1210 1364 Ι

90 1364 127 1429 de
144 1364 269 1429 momine
287 1385 366 1427 nunc
386 1368 534 1427 succurrit
553 1366 743 1427 scribendum
762 1360 843 1451 esse)
863 1363 955 1447 Grai,
974 1363 1107 1447 Meque·

91 1457 158 1516 rum
188 1452 264 1534 quio
295 1455 350 1518 ott
374 1451 493 1535 patriis
524 1451 560 1515 ie
585 1451 700 1534 finibus
728 1455 825 1518 orbae:
873 1454 1021 1536 fitortuo
1047 1455 1105 1526 OQ*

90 1543 144 1603 Mr.
172 1541 217 1604 ser
241 1544 337 1618 orbes,
365 1545 384 1603 i.
409 1560 433 1602 e.
463 1541 541 1621 quod
569 1541 612 1602 ibi
639 1545 703 1602 eius
732 1545 784 1622 sit,
811 1550 845 1602 ut
872 1543 989 1624 dicunt,
1012 1541 1104 1622 oripo.

89 1629 128 1712 pt
148 1632 218 1693 ortu
239 1649 345 1710 parum
367 1637 434 1710 apte
452 1629 515 1691 Lm.
534 1629 566 1690 B.
586 1663 628 1674 —
648 1625 712 1691 909
725 1633 950 1710 permanenter
971 1629 1020 1692 ore
1033 1648 1107 1709 per-

90 1719 188 1782 valet
200 1717 266 1781 eius
276 1711 460 1802 (magnetis).
488 1719 545 1779 boc
556 1736 665 1779 novum
678 1717 802 1779 verbum
812 1752 854 1761 —
866 1719 901 1778 cf.
916 1738 944 1799 p.
955 1717 1052 1779 XXIV.
1063 1751 1106 1761 —

92 1810 210 1886 egregie
238 1808 324 1867 tinxit
345 1805 517 1888 Lucretius,
541 1809 626 1868 cuius
654 1805 738 1866 verbi
762 1808 792 1866 vi
814 1824 873 1866 non
897 1814 1053 1886 perspecta
1076 1814 1107 1866 et

91 1895 248 1956 Turnebus
275 1894 337 1955 adr.
358 1894 449 1955 XXVI
474 1892 515 1957 13
539 1902 569 1956 et
590 1894 742 1955 Bentleius
759 1890 903 1975 pervolet
924 1894 1015 1955 scribi
1038 1912 1106 1954 cum

92 1987 259 2063 iussissent,
282 1981 344 2043 Lm.
364 1982 395 2044 B.
414 1981 467 2045 Mr.
492 1985 536 2044 eis
559 1983 694 2045 obsecuti
712 1989 789 2044 sunt.
809 2016 850 2025 —
871 1980 936 2044 918
951 1980 1056 2062 frepus
1074 1982 1108 2045 tt

91 2091 146 2152 pro
168 2073 206 2133 ut
225 2071 376 2150 Xanneng.
399 2071 500 2150 philol
521 2070 559 2131 IV
581 2071 724 2150 supplem.
747 2089 775 2150 p.
794 2067 869 2133 510.
893 2103 935 2114 —
959 2067 1024 2132 919
1047 2068 1107 2132 cir-

91 2177 161 2222 cum
184 2160 242 2232 00.
258 2208 265 2220 .
280 2207 287 2220 .
302 2161 428 2238 propter
450 2178 487 2220 ex
510 2158 528 2220 l.
547 2159 583 2220 lV
606 2156 672 2221 220
696 2153 787 2244 (Lm.)
811 2158 874 2219 Lm.
897 2157 939 2240 B,
962 2158 1015 2220 sed
1038 2177 1106 2220 cum

92 2245 388 2310 versus217-229
408 2266 445 2308 ex
463 2246 540 2308 libro
559 2255 642 2308 sexto
661 2247 697 2308 ab
716 2247 928 2327 interpolatore
946 2248 977 2307 in
996 2246 1106 2307 librum

90 2336 128 2397 lV
151 2338 256 2397 inserti
284 2338 356 2416 sint,
387 2343 421 2397 ut
447 2335 498 2395 illo
520 2335 585 2396 loco
609 2335 707 2417 docui,
737 2334 853 2396 facilius
881 2337 1031 2413 corrumpi
1054 2352 1106 2413 po·

91 2431 221 2485 luerunt
241 2457 283 2467 -
303 2420 367 2486 927
393 2441 436 2503 sq.
452 2471 458 2484 .
474 2472 481 2484 .
497 2472 503 2483 .
521 2419 669 2486 omnibu’
692 2440 811 2503 sonper
832 2440 952 2486 cernere
974 2430 1043 2503 eto.;
1069 2423 1105 2483 ct

93 2512 193 2592 philol.
216 2510 311 2573 XXIX
332 2508 398 2573 439
423 2530 480 2591 sip:
503 2511 611 2574 monio
633 2511 691 2585 00.
715 2511 780 2573 edd.
805 2508 897 2590 [928]
921 2509 984 2571 Lm.
1007 2510 1039 2571 B.
1063 2543 1104 2553 —

92 2598 157 2663 938
185 2598 292 2663 crescit
312 2596 422 2676 barbe,
438 2595 560 2680 polique
575 2617 636 2681 per
657 2597 765 2663 omnio
785 2596 935 2662 merebere:
964 2618 1017 2660 cur
1039 2606 1107 2678 post

91 2685 189 2751 barbo
216 2688 416 2769 distinxerim,
443 2706 531 2750 nemo
563 2707 624 2750 non
650 2688 769 2749 ridebit.
797 2683 1071 2767 -11941-943
1098 2683 1107 2769 ll

92 2777 175 2838 credi
194 2794 253 2838 non
271 2782 370 2856 potest
387 2786 505 2855 poetam
522 2779 652 2857 primum
671 2777 707 2837 de
729 2777 839 2855 frigore
861 2783 892 2837 et
913 2774 1020 2857 calore,
1043 2781 1104 2835 tum

92 2867 128 2924 de
151 2883 237 2947 voce,
258 2866 348 2925 tertio
376 2863 441 2925 loco
469 2865 506 2926 de
529 2868 592 2944 igni
614 2864 696 2944 loqui
718 2864 854 2925 voluisse.
901 2860 967 2927 946
990 2882 1105 2942 sq.

85 2956 251 3033 penetrare
267 2949 372 3014 saevit.
413 2950 543 3032 meique
563 2971 627 3033 qua
646 2951 762 3015 circum
779 2949 857 3015 coeli
874 2948 971 3014 lembo
987 2955 1105 3014 coercet.

92 3040 300 3113 obeditores
322 3047 389 3102 ante
407 3039 636 3122 Lachmanuum,
656 3045 708 3121 qui
730 3044 806 3102 mira
827 3043 996 3102 coniectura
1017 3036 1106 3102 Galli

92 3133 213 3209 scripsit
222 3132 276 3190 ita:
283 3131 448 3210 penetrare
456 3127 700 3210 suerritdent'que,
709 3147 772 3209 que
780 3126 896 3192 circam
908 3123 997 3190 Galle·
1010 3125 1107 3191 lorea

91 3220 207 3280 coercet
232 3217 310 3279 idem
324 3220 391 3298 pari
404 3217 577 3279 infelicitate
592 3216 657 3281 955
670 3225 737 3298 post
752 3214 815 3280 947
828 3212 909 3302 (940
918 3211 1001 3301 Brg.)
1016 3217 1104 3278 collo-

92 3309 180 3387 carit3
199 3309 278 3367 inter
295 3306 350 3367 bos
369 3306 442 3367 duos
456 3324 560 3367 versus
575 3305 685 3386 aliquid
699 3306 855 3388 excidisse,
873 3324 910 3367 ex
924 3305 975 3366 illo
985 3353 993 3368 .
1004 3353 1011 3367 .
1023 3353 1029 3366 .
1040 3323 1105 3385 que,

91 3391 300 3457 ...morbido
315 3392 421 3474 resque
438 3391 533 3456 simol
550 3402 679 3475 apparet.
721 3394 773 3455 sed
796 3395 834 3455 de
857 3413 890 3454 re
914 3402 981 3455 ante
1005 3396 1105 3454 omnia

92 3483 253 3545 videndum
276 3490 329 3544 est.
369 3490 456 3563 poeta
479 3485 539 3543 iam
561 3501 651 3562 supra
674 3515 716 3526 -
739 3501 765 3543 v.
784 3478 850 3545 486
870 3501 913 3561 sq.
937 3515 980 3526 -
1004 3482 1106 3543 ‹lecirit

90 3589 145 3650 per
173 3572 247 3632 caeli
274 3573 430 3652 foramina,
453 3589 528 3650 quae
555 3569 664 3650 moene·
688 3566 847 3650 spiraculo
872 3567 984 3633 mundi
1011 3577 1105 3652 vocat,

144 3681 288 3728 Lucanorun.
303 3681 337 3721 ed.
350 3681 478 3733 Brieger.
877 3669 894 3724 ἲ
