2438 3998
101 217 165 282 228
505 217 696 273 APPENDIX.

101 377 233 444 55555555,
257 376 307 429 sed
324 376 355 429 id
372 376 448 442 quod
465 377 534 430 nodi
552 376 685 430 solutioni
703 376 804 431 obstat.
839 390 922 446 porro
941 391 992 429 cur
1010 374 1111 429 Lucre·

100 446 167 514 5155,
183 446 232 514 qui
247 446 306 499 dixi
332 447 418 500 modis
431 448 517 514 555555,
530 462 588 499 non
602 447 704 501 dixisse
717 448 832 516 putetur
844 447 932 501 modia
944 446 1111 515 indupedita

141 518 147 530 '
184 515 1110 586 5555οά55555551551155111551555155555555555555551555,55515

306 446 319 499 t

164 585 293 640 aafferri
310 588 410 657 potest.
426 618 460 629 -
479 593 530 641 449
550 630 578 642 ..
595 590 697 642 ,55155
734 604 764 641 ro
782 603 824 642 ea
838 586 986 642 scribendo
1005 586 1064 640 Lm
1078 585 1109 639 Β.

102 534 146 570 em

101 604 153 711 dir.
173 660 201 710 55
220 655 309 711 Giuss.
328 657 401 711 nihil
419 657 555 726 efficiunt,
574 658 630 712 nisi
648 660 681 711 55
699 605 842 712 5155515155
861 658 997 727 loquatur
1016 659 1109 727 poeta.

102 758 136 768 -
154 732 206 781 483
216 744 256 796 sq.
284 729 384 783 5555555
406 729 493 782 etiam
515 727 605 783 Giuss.
631 729 700 782 item
721 731 880 798 coperiant,
913 733 964 782 502
988 730 1110 783 imbris

43 854 47 861 ,
102 799 256 867 demittere,
284 804 336 852 512
364 806 444 869 atque
470 806 568 855 555555.
601 829 635 840 —-
667 805 718 853 520
746 817 815 869 qaae
838 814 960 854 55555555
988 805 1111 854 crescam

102 884 273 939 ecm'smmeae
299 877 427 924 creantem
450 868 506 934 OQ.
529 868 651 923 Vahlen:
679 868 769 924 Giuss.
798 885 862 924 cum
885 869 967 923 Bern.
991 885 1110 924 seoriam

101 956 284 1009 seorsumque,
303 941 379 1008 quod
393 940 417 993 si
434 938 478 994 bis
496 940 527 992 in
539 958 648 995 5555555
659 942 800 994 mutatum
813 940 862 1007 sit,
880 941 979 994 mirari
998 939 1108 994 debeas.

101 1009 213 1064 facilius
232 1011 398 1064 crediderim
414 1011 528 1080 poetam
540 1027 650 1065 versum
663 1011 837 1064 abiecturum
849 1010 936 1065 fuisse
948 1013 984 1064 ut
1001 1027 1110 1065 versum

103 1087 163 1149 524,
182 1081 230 1149 qni
243 1083 322 1135 iuxta
336 1097 400 1136 eum
413 1081 463 1149 qui
475 1082 632 1152 praecedit,
646 1080 713 1135 ferri
726 1097 782 1136 non
794 1083 895 1151 potest.
910 1111 944 1122 -
963 1099 1006 1136 vv.
1022 1087 1109 1136 608—

103 1157 153 1206 638
173 1151 262 1206 Giuss.
286 1153 351 1222 post
373 1170 396 1206 v.
417 1157 467 1205 607
490 1152 601 1220 retinet,
624 1153 674 1206 sed
691 1153 733 1206 ita
750 1153 783 1206 55
801 1152 910 1220 aliquid
928 1154 996 1207 ante
1013 1170 1038 1208 v.
1059 1157 1109 1206 608

101 1222 206 1292 perisse
228 1224 317 1292 putet.
359 1224 409 1276 sed
431 1224 559 1276 concedit
585 1223 832 1293 transpositionem
853 1222 920 1277 ferri
946 1239 1039 1292 posse.
1075 1223 1110 1276 ‘il

101 1295 256 1362 trasporto'
273 1293 314 1347 ait
329 1293 425 1347 ‘none
438 1292 647 1362 improbabile'.
658 1323 692 1334 —-
707 1299 757 1347 552
772 1297 832 1348 arte
845 1296 938 1361 mam's,
947 1294 1024 1376 Brg.,
1038 1309 1110 1349 orae

101 1365 186 1418 maris
200 1365 320 1432 mmdiqae
337 1365 447 1434 cimpems
461 1363 516 1430 OQ.
530 1364 612 1436 volgo
635 1363 725 1418 Giuss.
740 1365 790 1433 qui
800 1366 896 1418 tamen
909 1363 1016 1418 subio1t
1035 1366 1111 1420 ‘orie

101 1436 186 1489 555555
201 1436 327 1517 ...forse
337 1453 354 1488 a
363 1435 496 1522 55955551.
506 1441 602 1516 -1574
616 1452 664 1489 mec
674 1437 765 1489 mimas
778 1437 915 1490 5555555555
927 1451 983 1489 res
997 1442 1029 1489 at
1043 1437 1110 1504 lapi'

101 1504 1110 1631 57555-5515555555555575555

103 1646 316 1707 dimostrazione
333 1646 455 1716 positiva
473 1647 524 1700 che
537 1646 668 1700 Lucrezio
685 1663 743 1700 non
759 1649 870 1717 potesse
889 1646 1110 1701 assolutamente

101 1732 183 1771 usare
205 1717 228 1770 il
251 1716 334 1771 verbo
360 1717 487 1787 simplice
510 1717 539 1770 di
564 1719 727 1784 imminere,
749 1720 887 1784 e-mimere,
943 1719 1107 1773 o-mimere‘t'

103 1805 254 1912 5ρςοῂ55ἑ55ᾖ
270 1786 368 1841 dubito
392 1803 432 1870 an
453 1788 553 1913 155551ὲὲ5
580 1787 665 1914 fueri?
691 1790 724 1842 55
738 1789 780 1912 lin
806 1804 836 1842 re
863 1789 901 1841 du
921 1788 950 1872 ia
972 1787 1110 1843 librorum

103 1875 299 1913 anconaem
322 1875 408 1913 5551
433 1890 467 1900 -
566 1876 651 1913 55555
720 1876 765 1913 55
798 1877 816 1913 5
926 1878 938 1913 5

102 1932 182 1985 sedes.
214 1930 254 1984 sic
277 1876 371 1982 atiani1
385 1928 488 1996 (51555,
515 1930 565 1983 sed
582 1876 806 1983 155ρ551115551185
823 1876 920 1999 effigit
934 1862 1110 1998 man

102 2019 167 2056 emas
190 2001 276 2067 cedes,
300 2001 388 2068 recte,
413 2002 446 2053 55
469 2016 544 2054 nnnc
569 2000 703 2054 existimo.
733 2032 767 2041 -
794 2006 844 2054 656
869 2002 966 2055 metm
986 2044 991 2054 .
1009 2043 1014 2054 .
1031 2043 1037 2054 .
1056 2004 1110 2069 fert

104 2072 190 2125 etiam
208 2071 298 2125 Giuss.
326 2102 360 2111 —
388 2077 440 2124 556
450 2088 490 2139 sq.
512 2074 559 2126 ‘at
575 2073 658 2126 mimis
680 2077 719 2126 est
735 2073 831 2141 impems
853 2071 963 2125 5555555
981 2073 1109 2126 turbidas

103 2143 211 2197 ardm'.
247 2143 348 2197 scilicet
370 2149 395 2197 et
416 2143 517 2211 {motas
539 2143 587 2211 qai
609 2143 682 2196 55555
704 2143 836 2195 55555555
858 2146 1008 2208 mmmm
1024 2159 1043 2197 5
1062 2144 1110 2212 qai

101 2229 159 2267 mom
177 2219 240 2266 amte
257 2213 375 2282 aliquem
392 2214 519 2266 maiorem
537 2213 619 2279 cidit,
637 2218 662 2267 et
680 2213 774 2282 imperas
792 2215 873 2267 55555
890 2214 1017 2281 homoque
1035 2214 1108 2268 aide·

102 2290 148 2338 tm
166 2284 231 2335 etc:
260 2280 349 2336 Giuss.
370 2282 451 2351 dicit,
477 2284 538 2335 ‘ma
556 2283 581 2336 si
599 2284 678 2336 entra
700 2283 747 2336 nel
770 2299 867 2353 campo
890 2283 1037 2337 indefinito
1064 2284 1111 2338 del

102 2352 262 2425 possibile’.
298 2352 434 2406 librorum
459 2352 609 2406 lectionem
629 2355 736 2421 tuetur,
755 2354 785 2406 in
802 2353 960 2426 tautologia
985 2369 1043 2407 non
1067 2355 1109 2408 ita

103 2423 245 2478 offendens
265 2423 293 2476 55
311 2423 505 2491 adamatam
523 2425 659 2478 memmimus
677 2427 728 2477 etc.
761 2425 856 2494 impems
874 2430 916 2479 est,
935 2424 1109 2494 cogitatione

103 2494 171 2548 addi
188 2509 270 2563 posse
288 2495 374 2561 ratus,
393 2509 510 2561 quorum
528 2496 657 2546 neutrum
674 2493 741 2548 ferri
758 2510 840 2564 posse
857 2496 934 2564 puto.
949 2525 984 2535 -
1000 2500 1053 2549 690
1068 2515 1108 2565 sq.

101 2566 268 2634 fatendumst
285 2581 302 2619 5
320 2580 362 2618 555
379 2565 450 2634 capit
466 2570 574 2632 aperta.-
592 2564 626 2617 de
644 2565 746 2618 lacuna
764 2565 914 2619 assentitur
932 2563 1033 2633 (11555,
1053 2583 1110 2622 555

103 2637 198 2690 (15555
216 2641 322 2703 aperta,
349 2635 424 2702 quod
441 2641 533 2702 aperta
552 2665 586 2674 —
604 2635 642 2687 ad
659 2653 732 2691 mare
750 2635 835 2689 refert
852 2667 886 2677 —
907 2635 960 2689 ‘ha
979 2639 1108 2706 aspetto'

101 2710 134 2760 55
160 2706 218 2773 ait,¹
242 2706 250 2732 ‘
256 2705 344 2758 molto
370 2704 516 2776 genuino’.
542 2708 583 2774 -Ι
604 2711 654 2758 705
681 2707 818 2762 5551555555
839 2707 938 2761 emicas
964 2708 999 2760 im
1019 2711 1109 2778 555555,

102 2779 144 2832 ita
161 2793 271 2831 mecum
284 2773 373 2830 Giuss.
389 2775 545 2848 distinguit.
560 2807 594 2817 -
614 2782 663 2829 731
682 2778 794 2831 Aoerma
811 2778 862 2832 tibi
879 2794 948 2846 qaae
965 2785 1036 2832 55555
1051 2779 1111 2840 loca

101 2865 213 2918 emorque
241 2849 378 2917 lacmsqme,
410 2849 565 2916 expediam,
594 2848 672 2916 amali
697 2855 801 2903 matma
823 2849 951 2916 praedita
978 2857 1108 2905 cometem.

101 2920 120 2973 i.
140 2935 163 2974 5.
183 2919 330 2988 expediam
347 2935 403 2986 qua
419 2919 521 2972 natura
540 2918 633 2971 omnia
654 2917 718 2971 loca
734 2917 845 2973 Averna
866 2918 929 2973 sint.
962 2936 1033 2987 qaae
1051 2924 1111 2976 5555

103 2992 161 3045 5555
180 3007 290 3059 5555555
308 2990 433 3058 dacaeque
451 2989 599 3058 expediam.
619 2987 708 3043 Giuss.
737 3005 800 3042 cum
819 2987 873 3054 OQ.
894 2989 922 3042 55
942 2989 1109 3059 editoribus,

102 3061 190 3115 nimia
207 3059 342 3113 librorum
358 3077 422 3114 mss.
441 3059 618 3114 veneratione
635 3059 728 3112 locum
744 3060 923 3129 perspicuum
941 3058 1108 3116 obscurans:

101 3148 169 3186 nam
191 3129 227 3183 ab
249 3131 347 3184 eodem
369 3131 510 3199 expediam
532 3131 561 3182 55
585 3147 653 3198 qaae
674 3132 731 3186 55555
752 3133 811 3185 loca
829 3132 958 3201 (cmmqme)
983 3133 1012 3184 55
1030 3135 1111 3202 quati

101 3210 205 3257 matam
219 3202 348 3270 praedita
366 3207 486 3256 camstemt
497 3200 639 3269 pendeant
651 3216 763 3254 necesse
782 3200 826 3254 sit.
846 3232 879 3242 —
900 3205 950 3254 733
965 3203 1110 3272 principio

102 3289 158 3343 omo
189 3274 301 3327 Aaerma
327 3279 458 3326 5555555555
484 3273 605 3337 55555555,
635 3272 666 3324 id
687 3273 722 3326 at
744 3289 773 3326 55
799 3272 979 3340 impositmmst.
1015 3271 1108 3330 (11555.

102 3344 174 3413 qaod
200 3342 261 3396 leve
288 3341 476 3395 anacoluthon
503 3341 572 3394 dicit
597 3357 669 3408 5555,
697 3342 747 3394 sed
769 3357 821 3414 ego
843 3358 900 3395 non
921 3343 989 3397 novi
1006 3359 1110 3399 anaco-

101 3415 183 3468 lutha
200 3413 367 3467 Lucretiana
384 3411 440 3464 nisi
457 3411 488 3463 in
504 3410 677 3482 longioribus
695 3412 841 3466 verborum
859 3413 1058 3482 complexibus.
1074 3446 1109 3458 -

103 3491 154 3540 748
172 3491 275 3538 5555555
299 3484 350 3538 laci
367 3497 451 3549 opas
469 3484 564 3549 efficit:
587 3483 655 3536 item
673 3481 762 3537 Giuss.
781 3514 814 3523 -
838 3490 888 3537 755
908 3502 941 3538 me
954 3487 1048 3546 forte
1065 3488 1110 3542 5555

102 3555 152 3609 Mr.
172 3556 236 3625 Brg.
257 3554 515 3622 (11555-78155.
536 3559 683 3608 777-780.
703 3559 754 3607 783
764 3571 803 3623 sq.
823 3553 994 3626 Kenneng.]:
1015 3555 1109 3613 Giuss.
