2438 3998
362 792 405 878 Τ.
428 793 657 880 Ludendi.
686 790 809 880 OARI

227 953 317 1050 DE
361 954 612 1054 RERUM
657 955 944 1058 NATURA

423 1126 554 1192 tinne
576 1126 747 1199 neruus.

532 1288 636 1297 ——.....

139 1412 307 1474 Aeneadum
329 1414 477 1494 genetrix,
498 1413 651 1475 bominum
674 1413 828 1494 divomque
851 1414 998 1497 veluptaS,

139 1500 213 1562 alma
235 1500 346 1582 Venus,
370 1499 443 1570 caeli
465 1499 566 1562 subter
588 1500 715 1567 labentia
738 1505 821 1581 signa

141 1608 214 1668 quae
237 1607 318 1651 mare
341 1591 523 1670 navigerum,
546 1607 619 1669 quae
642 1597 737 1651 terras
760 1590 960 1669 frugiferentis

140 1677 340 1758 concelebras,
362 1685 468 1757 perte
491 1679 635 1756 quoniam,
652 1695 743 1756 genus
767 1696 853 1739 omne
876 1681 1056 1741 animantum

103 1773 121 1822 5
141 1767 306 1848 concipitur
327 1767 453 1844 visitque
477 1771 610 1826 exortum
632 1764 743 1831 lumina
766 1765 845 1827 solis.

139 1847 148 1936 ll
161 1861 204 1934 te,
227 1853 293 1935 dea,
316 1860 345 1914 te
368 1853 485 1933 fugiunt
505 1855 598 1934 venti,
620 1861 650 1915 te
672 1852 772 1914 nubila
795 1854 868 1917 caeli

140 1941 354 2020 adventumque
376 1949 476 2022 tuum,
498 1941 553 2003 tibi
576 1941 813 2004 suavis'daedala
836 1942 923 2005 tellus
979 1941 981 1945 ’

25 2039 29 2045 “
140 2032 296 2091 summittit
318 2029 419 2110 flores,
442 2028 497 2090 tibi
518 2028 617 2091 rident
639 2048 765 2109 aequora
787 2034 872 2110 ponti

138 2118 341 2197 placatumque
363 2120 439 2178 nitet
461 2117 566 2178 diffuso
590 2117 700 2179 lumine
724 2116 872 2201 caelumll

85 2213 120 2262 10
138 2224 205 2267 nam
230 2205 317 2267 simul
339 2224 373 2267 ac
396 2207 510 2285 species
532 2206 705 2285 patefactast
726 2225 814 2267 verna
838 2208 898 2270 diei

139 2301 169 2354 et
190 2301 319 2355 reserata
342 2295 421 2372 viget
443 2293 609 2372 genitabilis
632 2312 702 2356 aura
724 2295 834 2376 favoni,

139 2385 234 2443 atriae
256 2384 385 2462 primum
407 2381 542 2443 volucres
564 2389 606 2463 te,
629 2381 707 2463 diva,
729 2390 871 2462 tuumque

139 2471 305 2548 significant
327 2472 434 2531 initum
455 2469 608 2549 percrdsae
630 2470 718 2531 corda
740 2479 790 2532 tua
811 2474 848 2532 vi.
986 2525 988 2530 .

138 2559 207 2619 inde
230 2559 309 2619 ferae
332 2557 461 2638 pecudes
483 2557 647 2638 persultant
668 2557 774 2639 pabula
796 2558 871 2620 laeta
1056 2575 1082 2616 33

84 2653 119 2701 15
139 2653 168 2707 et
190 2645 308 2725 rapidos
330 2653 448 2707 tranant
469 2647 577 2707 amnis:
602 2649 642 2707 ita
666 2654 748 2726 capta
770 2646 870 2726 lepore
1056 2665 1083 2704 33

137 2740 168 2794 tc
191 2736 325 2814 sequitur
347 2735 452 2813 cupide
475 2752 532 2813 quo
556 2753 701 2814 quamque
724 2735 865 2796 inducere
887 2738 994 2816 pergis.
1056 2752 1083 2793 1⁶

139 2823 266 2901 denique
288 2841 343 2903 per
364 2825 456 2883 maria
478 2840 513 2882 ac
535 2825 643 2884 montis
666 2823 829 2903 fluviosque
853 2827 967 2903 rapacis

139 2911 371 2990 frondiferasque
395 2911 497 2971 domos
519 2913 615 2972 avium
638 2930 815 2992 camposque
837 2914 960 2974 virentis

138 2998 274 3059 omnibus
296 3001 443 3061 incutiens
465 2996 604 3061 blandum
625 3018 679 3080 per
701 3008 821 3079 pectora
843 3018 971 3061 amorem

84 3093 118 3141 20
139 3087 231 3147 efficis
253 3093 287 3147 ut
309 3087 415 3168 cupide
438 3089 600 3166 generatim
623 3086 719 3150 saecla
740 3096 910 3169 propagent.

139 3193 212 3253 quae
236 3178 375 3255 quoniam
396 3194 497 3237 rerum
519 3182 653 3237 naturam
676 3176 737 3237 sola
760 3176 906 3256 gubernas

136 3282 192 3325 nec
215 3265 279 3324 sine
302 3270 331 3324 te
355 3266 517 3344 quicquam,
534 3263 597 3324 dias
619 3265 651 3329 in
674 3264 794 3326 luminis
817 3283 883 3326 oras

137 3353 269 3412 exoritur
291 3369 386 3431 neque
409 3353 443 3413 fit
464 3352 572 3413 laetum
594 3370 690 3431 neque
713 3352 836 3415 amabile
860 3355 1030 3434 quicquam,

135 3446 165 3499 te
189 3441 298 3501 sociam
322 3440 425 3513 studeo
448 3439 612 3511 scribendis
634 3441 769 3503 versibus
791 3459 871 3521 esse,

135 3549 320 3593 Lucana-rum.
334 3550 460 3601 Brieger.
855 3545 870 3592 1
