2438 3998
594 241 620 294 Π
1066 245 1108 310 59

187 386 258 446 haut
280 387 372 464 igitm
395 385 505 446 debent
528 405 594 449 esse
619 387 677 448 ullo
700 389 833 468 praedita
857 409 955 452 sensu.

117 490 169 540 999
232 473 364 552 Denique
388 476 433 535 uti
455 476 572 553 possint
594 478 705 537 sentire
728 477 866 538 animalia
889 497 1037 561 quaeque,

187 563 344 642 principiis
368 565 394 622 si
417 564 505 622 iamst
528 581 633 623 sensus
656 563 833 627 tribuendus
856 585 974 648 eorum,

116 666 172 716 975
189 650 269 730 quid,
280 668 373 727 genus
382 650 544 712 humanum
553 653 712 730 propritim
721 652 757 713 de
768 653 876 733 quibus
885 652 1056 717 auctumst?
1069 670 1109 711 999

187 738 315 818 scilicet,
338 745 369 799 et
390 740 455 798 risu
476 738 604 799 tremulo
628 757 771 802 concussa
792 743 968 805 cachinnant

188 832 219 887 at
240 824 372 886 lacrimis
396 833 539 905 spargunt
560 826 730 889 rorantibus
754 845 805 890 ora
827 848 991 913 genasque,

117 931 169 979 999
187 913 339 992 multaque
363 913 399 974 de
423 932 525 975 rerum
547 917 677 976 mixtura
699 916 799 978 dicere
823 917 942 1001 callent,

188 1009 218 1062 et
240 1000 300 1062 sibi
321 1019 467 1081 proporro
490 1021 565 1081 quae
590 1005 650 1064 sint
671 1005 833 1083 primordia
857 1014 1016 1089 quaerunt3

117 1106 172 1157 980
187 1089 426 1169 quandoquidem
449 1092 521 1150 totis
543 1090 717 1152 mortalibus
741 1092 915 1155 adsimulata
1068 1109 1109 1150 ooo

187 1181 252 1257 ipsa
276 1196 393 1257 quoque
416 1195 454 1238 ex
476 1177 542 1239 aliis
566 1178 676 1240 debent
698 1186 833 1241 constare
857 1181 1025 1264 elementis,

187 1266 257 1326 inde
281 1265 337 1326 alia
360 1284 396 1327 ex
419 1264 500 1346 aliis,
522 1283 669 1345 nusquam
692 1271 855 1330 consistere
879 1277 913 1331 ut
935 1272 1028 1332 ausis:

117 1371 169 1419 999
188 1356 297 1434 quippe
321 1371 442 1432 sequar,
466 1353 672 1434 quodcumque
696 1354 777 1435 loqui
799 1357 957 1437 ridereque
981 1358 1062 1420 dices

188 1449 218 1504 et
241 1460 359 1521 sapere,
382 1460 420 1501 ex
442 1441 508 1501 aliis
531 1440 633 1502 eadem
655 1443 728 1505 haec
750 1444 928 1507 iacientibus
951 1454 984 1508 ut
1007 1449 1054 1508 sit.

116 1546 173 1597 985
187 1528 266 1610 quod
290 1533 316 1590 si
338 1529 431 1589 delira
453 1529 527 1589 haec
548 1529 719 1610 furiosaque
742 1534 891 1594 cernimus
914 1553 994 1615 esse,
1069 1548 1108 1590 999

188 1625 218 1678 91
239 1617 339 1678 ridere
361 1623 460 1696 potest
481 1634 541 1678 non
565 1635 602 1677 ex
624 1617 789 1679 ridentibus
812 1628 929 1701 auctus,

188 1713 218 1766 et
240 1723 344 1785 sapere
368 1711 398 1765 et
421 1705 517 1765 doctis
540 1707 685 1787 rationem
707 1706 832 1768 reddere
855 1707 943 1769 dictis

117 1811 169 1860 999
188 1811 248 1853 non
271 1811 308 1854 ex
332 1792 496 1853 seminibus
519 1792 702 1871 sapientibus
725 1800 813 1873 atque
837 1795 971 1877 disertis,

189 1884 241 1961 qui
262 1883 362 1941 minus
385 1898 452 1942 osse
475 1887 587 1959 queant
608 1899 644 1941 ea
667 1900 741 1960 quae
765 1885 876 1943 sentire
899 1885 1034 1946 videmus

118 1984 174 2038 990
187 1969 352 2030 seminibus
374 1971 520 2048 permixta
543 1969 713 2030 carentibus
736 1971 868 2049 undique
892 1970 1004 2035 sensu?
1068 1989 1108 2030 ooo

232 2056 366 2136 Denique
390 2056 511 2119 caelesti
533 2075 635 2118 sumus
659 2075 761 2118 omnes
785 2061 898 2130 semine
922 2063 1054 2123 oriundi:

190 2144 327 2207 omnibus
350 2145 400 2206 ille
423 2145 502 2206 idem
525 2151 609 2224 pater
633 2152 690 2226 est,
712 2146 791 2207 unde
814 2146 890 2208 alma
913 2147 1054 2228 liquentis

118 2250 170 2300 999
188 2235 301 2295 umoris
324 2241 421 2312 guttas
444 2239 540 2294 mater
562 2252 629 2294 cum
652 2240 733 2294 terra
754 2238 880 2318 recepit,

188 2322 246 2382 leta
269 2325 348 2400 parit
369 2321 479 2382 nitidas
502 2321 602 2400 lruges
626 2321 803 2401 arbustaque
826 2322 915 2405 lacta,

118 2427 173 2478 995
188 2416 218 2471 et
240 2428 334 2488 genus
355 2409 517 2470 humanum
539 2412 630 2490 parit,
654 2412 752 2470 omnia
776 2410 871 2472 saecla
894 2413 1036 2494 ferarum,
1068 2428 1108 2469 999

188 2497 296 2576 pabula
323 2515 390 2558 cum
417 2496 552 2577 praebet,
580 2496 688 2577 quibus
711 2515 814 2559 omnes
838 2517 962 2579 corpora
984 2510 1109 2581 pascunt

189 2594 219 2646 et
242 2584 358 2646 dulcem
381 2585 494 2645 ducunt
515 2587 605 2645 vitam
627 2585 800 2665 prolemque
822 2596 998 2670 propagant3

118 2688 170 2739 995
190 2681 369 2753 quapropter
391 2676 498 2734 merito
520 2679 687 2734 maternum
709 2691 819 2734 nomen
842 2675 983 2754 adeptast.

189 2762 267 2822 cedit
290 2763 362 2821 item
384 2769 479 2842 retro,
502 2762 539 2821 de
561 2767 642 2822 terra
665 2761 743 2840 quod
766 2762 822 2822 luit
845 2770 925 2845 ante,

101 2866 174 2916 1000
187 2850 219 2908 in
241 2855 350 2929 terras,
373 2856 402 2909 et
425 2848 504 2928 quod
526 2851 682 2910 missumst
704 2867 740 2910 ex
763 2850 892 2910 aetheris
916 2854 990 2933 oris,
1057 2867 1109 2908 rooo

189 2936 220 2996 id
243 2955 362 2998 rursum
385 2937 460 2997 caeli
481 2936 618 2999 rellatum
640 2936 749 3017 templa
772 2945 933 3016 receptant.

188 3042 244 3084 nec
267 3027 311 3085 sic
334 3026 485 3086 interemit
507 3043 588 3085 mors
610 3043 673 3104 999,
697 3032 731 3086 ut
751 3028 887 3096 materiai

101 3130 170 3178 1000
189 3131 313 3192 corpora
336 3113 485 3193 conficiat,
508 3112 561 3173 sed
584 3121 700 3174 coetum
724 3113 857 3193 dissupat
880 3113 960 3175 ollis:

189 3200 257 3261 inde
281 3200 346 3261 aliis
369 3200 448 3261 aliud
472 3202 625 3280 coniungit
647 3207 677 3262 et
699 3201 792 3262 elficit
813 3219 917 3263 omnes

99 3305 174 3355 1005
187 3306 241 3349 999
259 3295 293 3349 ut
315 3295 487 3350 convertant
508 3288 619 3350 formas
641 3295 813 3368 mutentque
835 3289 950 3351 colores
1058 3304 1110 3346 10⁰⁶

189 3383 219 3437 et
242 3379 358 3457 capiant
381 3395 488 3438 sensus
511 3384 542 3438 et
563 3384 673 3457 puncto
695 3383 830 3456 tempore
853 3378 991 3460 reddaut3

189 3471 222 3525 ut
244 3483 350 3526 noscas
373 3467 486 3526 referre
509 3465 613 3527 eadem
635 3464 798 3544 primordia
819 3483 921 3528 rerum

101 3569 169 3618 1005
189 3571 257 3614 oum
280 3552 390 3632 quibus
413 3561 443 3614 et
466 3554 546 3633 quali
568 3555 702 3634 positura
724 3555 932 3615 contineantur
