2438 3998
102 225 164 288 138
585 220 611 274 V

171 388 244 449 quas
266 367 355 429 validi
376 375 438 428 toto
462 366 636 446 dispergunt
658 370 726 426 aero
749 368 839 426 venti.

102 475 153 524 245
171 476 240 538 pars
263 459 352 517 etiam
375 455 526 534 glebarum
549 454 584 514 ad
609 453 747 514 diluviem
769 460 925 514 revocatur
1066 475 1107 515 aas

102 562 161 614 256
172 544 331 624 imbribus,
354 550 384 604 et
405 545 485 622 ripas
507 542 641 603 radentia
662 542 783 602 flumina
806 542 922 602 rodunt.

172 641 326 714 praeterea
348 649 402 711 pro
424 639 507 710 parte
531 649 594 710 sua,
620 631 825 709 quodcumque
848 629 906 691 alid
930 635 1031 709 auget,

384 746 389 755 ‘
595 737 613 774 ss

174 807 320 868 redditur:
344 815 374 868 et
397 809 534 886 quoniam
557 805 645 866 dubio
668 805 771 884 procul
794 823 859 866 esse
882 806 999 866 videtur

175 899 363 975 omniparens
386 895 489 955 eadem
511 912 611 955 rerum
634 912 788 954 commune
812 893 993 974 sepulcrum,

104 1000 157 1050 aco
175 1001 245 1063 ergo
268 992 348 1044 terra
369 982 426 1043 tibi
446 983 555 1043 libatur
577 989 608 1043 et
629 989 714 1043 aucta
736 984 886 1042 recrescit.
1069 1005 1112 1045 oco

104 1088 161 1142 273
219 1073 294 1133 Aera
316 1089 395 1132 nunc
417 1073 508 1149 igitur
530 1070 639 1151 dicam,
662 1072 714 1150 qul
736 1087 859 1149 corpore
882 1076 944 1130 toto
1070 1093 1111 1132 aas

174 1159 430 1221 innumerabiliter
451 1161 550 1238 privas
571 1166 702 1220 mutatur
725 1161 756 1218 in
778 1158 874 1218 horas.

105 1263 161 1317 275
174 1267 291 1327 semper
314 1250 403 1327 enim,
425 1246 630 1325 quodcumque
653 1246 719 1307 lluit
741 1246 895 1326 derebus,
917 1245 947 1305 id
967 1263 1054 1306 omne
1070 1269 1112 1308 aas

176 1339 253 1397 aeris
276 1338 309 1395 in
330 1352 468 1412 magnum
491 1334 585 1395 fertur
607 1352 701 1415 mare3
725 1336 776 1413 qui
799 1336 857 1395 nisi
880 1341 982 1395 contra

106 1441 158 1489 255
177 1441 300 1502 corpora
323 1422 468 1483 retribuat
489 1422 580 1482 rebus
603 1430 776 1500 recreetque
799 1422 932 1502 furentis,
955 1442 964 1464 ⁸

76 1505 96 1531 '
177 1514 274 1571 omnia
297 1513 356 1571 iam
378 1508 508 1571 resoluta
530 1511 628 1571 lorent
650 1517 680 1570 et
702 1512 734 1570 in
756 1515 824 1570 aera
846 1528 943 1570 versa:

176 1600 248 1660 baut
269 1601 359 1678 igitur
382 1606 478 1659 cessat
500 1601 581 1677 gigni
603 1598 639 1658 de
663 1598 752 1658 rebus
776 1605 806 1659 et
828 1599 930 1658 iures

106 1703 163 1757 280
176 1687 340 1768 reccidere,
363 1686 485 1748 adsidue
508 1688 646 1765 quoniam
669 1686 761 1747 liuere
785 1689 882 1746 omnia
905 1691 1027 1746 constat.
1072 1707 1114 1748 oso

220 1775 333 1855 Largus
356 1777 427 1836 item
449 1774 556 1854 liquidi
577 1775 644 1835 fons
666 1774 799 1854 luminis,
822 1774 971 1834 aetherius
994 1772 1052 1853 sol,

108 1882 160 1931 oco
179 1866 287 1942 inrigat
309 1863 429 1924 adsidue
453 1862 566 1924 caelum
589 1863 715 1923 candore
738 1865 852 1923 recenti

178 1951 404 2031 suppeditatque
427 1968 501 2010 novo
525 1951 679 2012 confestim
702 1949 813 2011 lumine
836 1949 944 2010 lumen.

178 2057 246 2099 nam
268 2041 397 2118 primum
420 2039 560 2118 quicquid
583 2039 705 2118 fulgoris
728 2038 852 2117 disperit
875 2041 915 2118 ei,

107 2143 163 2197 285
178 2145 362 2206 quocumque
381 2127 496 2187 accidit.
532 2127 562 2186 id
580 2126 650 2188 licet
667 2127 736 2186 binc
755 2144 932 2204 cognoscere
951 2128 1057 2206 possis,
1073 2150 1115 2190 aas

179 2214 257 2293 quod
281 2213 425 2275 simulac
447 2217 576 2295 primum
597 2214 692 2276 nubes
715 2215 874 2275 succedere
896 2214 952 2274 soli

108 2321 160 2370 265
179 2321 304 2381 coepere
327 2310 357 2364 et
379 2302 478 2363 radios
500 2306 579 2363 inter
601 2304 687 2381 quasi
707 2320 846 2381 rumpere
868 2302 956 2382 lucis,

179 2390 326 2470 extemplo
349 2390 472 2451 inferior
493 2409 562 2470 pars
584 2389 690 2450 borum
713 2390 838 2469 disperit
861 2392 969 2469 omnis,

179 2487 316 2557 terraque
340 2479 525 2540 inumbratur
548 2496 605 2556 qua
626 2477 721 2538 nimbi
743 2496 869 2557 cumque
891 2478 1040 2558 feruntur;

108 2583 163 2635 290
177 2575 211 2627 ut
232 2585 337 2627 noscas
360 2567 516 2646 splendore
540 2584 615 2626 novo
638 2584 687 2626 res
710 2584 828 2644 semper
851 2585 950 2646 egere,
1074 2591 1116 2630 eoo

181 2663 211 2715 et
232 2657 360 2733 primum
383 2658 492 2715 iactum
514 2653 638 2732 fulgoris
662 2673 808 2733 quemque
830 2657 943 2734 perire,

110 2761 161 2809 270
179 2761 235 2803 nec
257 2745 370 2803 ratione
393 2742 449 2803 alia
471 2760 520 2802 res
543 2759 631 2820 posse
654 2745 685 2803 in
709 2742 769 2803 sole
792 2743 899 2822 videri,

179 2838 322 2909 perpetuo
345 2833 378 2891 ni
400 2831 568 2909 suppeditet
590 2830 665 2891 lucis
689 2837 776 2910 caput
797 2833 903 2909 ipsum.

181 2921 252 2997 quin
275 2921 363 2979 etiam
386 2925 530 2978 nocturna
552 2917 621 2999 tibi,
643 2921 796 2979 terrestria
819 2937 893 2997 quae
917 2925 998 2997 sunt,

109 3022 167 3076 295
178 3006 301 3086 lumina,
323 3005 486 3085 pendentes
509 3005 607 3085 lychni
630 3006 783 3085 claraeque
807 3009 938 3066 coruscis
1030 3024 1032 3029 ·
1074 3031 1115 3071 sos

180 3093 346 3172 fulguribus
368 3096 493 3172 pingues
516 3093 607 3154 multa
629 3093 751 3172 fuligine
774 3093 875 3154 taedae

110 3200 162 3248 275
182 3181 329 3242 consimili
350 3188 511 3260 properant
532 3185 660 3262 ratione,
684 3183 788 3243 ardore
811 3184 961 3262 ministro,

181 3269 370 3348 suppeditare
392 3287 498 3329 novom
521 3268 634 3350 lumen,
656 3279 784 3331 tremere
807 3271 925 3348 ignibus
947 3273 1072 3351 distant,

180 3359 302 3438 instant,
325 3375 381 3418 nec
403 3357 467 3418 loca
490 3357 539 3418 lux
563 3360 642 3418 inter
664 3360 749 3436 quasi
771 3365 857 3436 rupta
879 3359 1032 3437 relinquit:

110 3461 164 3514 300
180 3464 274 3524 usque
298 3446 371 3506 adeo
393 3453 587 3525 properanter
610 3445 723 3507 obortis
746 3446 863 3525 ignibus
887 3449 915 3508 ei
1075 3472 1116 3512 ooo

180 3536 302 3595 exitium
325 3534 416 3596 celeri
439 3534 551 3596 celatur
574 3536 687 3614 origine
710 3535 852 3596 flammae.
