2438 3998
544 220 583 276 IV

135 367 247 429 diditur
270 375 300 429 et
322 387 406 429 rarae
428 368 580 449 perflexa
603 371 746 431 foramina
768 369 893 449 linguae.

63 473 115 524 ooo
134 456 189 517 hoc
213 456 264 518 ubi
287 456 360 517 levia
384 464 453 518 sunt
474 461 620 518 manantis
644 476 767 537 corpora
790 461 867 539 suci,

63 561 120 613 ⁶21
134 547 263 605 suaviter
286 548 433 624 attingunt
456 552 486 606 et
508 548 638 606 suaviter
661 549 758 607 omnia
780 553 907 608 tractant

135 633 233 694 umida
256 632 367 712 linguai
390 636 502 695 circum
526 634 660 694 sudantia
682 633 803 713 templa:

134 729 163 782 at
186 728 287 782 contra
309 729 444 800 pungunt
467 740 590 791 sensum
611 721 799 801 lacerantque
823 730 934 804 coorta,
1031 743 1071 786 aas

135 817 242 888 quanto
267 828 400 889 quaeque
423 812 517 888 magis
541 817 611 870 sunt
633 813 790 890 asperitate
814 810 934 890 repleta.

63 914 116 965 610
135 897 242 958 deinde
265 897 398 977 voluptas
421 905 467 958 est
489 917 506 958 e
530 916 601 959 suco
624 899 683 959 fine
706 897 808 977 palati:

64 1003 122 1055 626
137 1005 204 1047 cum
227 1004 296 1046 vero
320 987 458 1047 deorsum
481 1005 535 1065 per
558 987 657 1047 fauces
679 988 896 1067 praecipitavit,

134 1074 213 1135 nuilla
236 1073 369 1153 voluptas
393 1082 451 1155 est,
475 1075 546 1135 dum
569 1076 664 1134 omnis
687 1077 719 1134 in
742 1075 853 1135 diditur
876 1082 970 1155 artus3

133 1181 188 1222 nec
212 1162 304 1222 refert
326 1165 483 1241 quicquam
506 1181 564 1241 quo
586 1165 667 1223 victu
689 1180 797 1242 corpus
820 1162 926 1244 alatur,
1032 1185 1070 1226 eoo

136 1249 293 1311 dnmmodo
317 1249 395 1327 quod
418 1253 516 1329 capias
539 1258 711 1311 concoctum
735 1251 837 1312 didere
860 1253 957 1330 possis

64 1354 115 1405 615
134 1338 256 1399 artubus
280 1346 311 1399 et
332 1339 473 1399 stomachi
495 1346 645 1400 umectum
668 1357 784 1400 servare
807 1348 949 1400 tenorem.

64 1442 118 1494 631
176 1427 260 1487 Nunc
284 1426 349 1487 aliis
372 1427 447 1488 alius
470 1429 522 1506 qui
545 1431 583 1488 sit
606 1426 690 1488 cibus
713 1435 747 1488 ut
769 1427 920 1489 videamus

557 1535 575 1574 e

135 1603 300 1683 expediam,
325 1622 464 1684 quareve,
487 1602 552 1664 aliis
576 1604 655 1683 quod
678 1606 763 1664 triste
787 1610 817 1664 et
840 1612 1012 1685 amarumst,

134 1690 190 1752 hoc
212 1698 311 1751 tamen
334 1710 399 1751 esse
423 1690 488 1751 aliis
511 1693 606 1770 possit
627 1691 767 1771 perdulce
789 1692 898 1773 videri,
1031 1716 1069 1756 esa

134 1786 273 1858 tantaque
296 1782 328 1839 in
350 1780 397 1839 his
420 1779 509 1840 rebus
532 1779 671 1840 distantia
696 1780 911 1860 differitasque,

65 1884 116 1932 620
135 1873 169 1927 ut
192 1868 269 1946 quod
293 1867 332 1928 ali
354 1866 438 1928 cibus
460 1875 507 1929 est
530 1867 595 1928 aliis
618 1868 680 1928 fuat
703 1886 770 1928 acre
793 1886 951 1950 venenum3

65 1970 120 2022 636
135 1962 181 2015 est
202 1963 235 2015 ut
257 1974 331 2034 quae
355 1974 491 2036 serpens,
513 1955 641 2016 bominis
666 1974 739 2034 quae
761 1962 838 2016 tacta
862 1955 960 2017 salivis

135 2043 259 2122 disperit
280 2063 314 2104 ac
337 2062 402 2104 sese
426 2044 590 2105 mandendo
614 2045 732 2105 conficit
753 2046 826 2123 ipsa.

134 2138 286 2210 praeterea
308 2131 393 2192 nobis
416 2139 594 2193 veratrumst
616 2151 683 2192 acre
706 2150 865 2214 venenum,
1030 2155 1070 2195 em

135 2226 165 2279 at
187 2221 283 2299 capris
306 2220 407 2299 adipes
431 2227 461 2281 et
482 2219 683 2281 coturnicibus
707 2227 801 2298 auget.

66 2324 116 2373 625
135 2315 169 2368 ut
191 2307 298 2387 quibus
321 2307 352 2368 id
374 2309 424 2368 fiat
447 2308 536 2369 rebus
559 2327 737 2388 cognoscere
760 2311 869 2388 possiS,

65 2413 117 2463 641
134 2398 280 2475 principio
303 2399 474 2479 meminisse
497 2397 582 2457 decet
604 2416 678 2477 quae
702 2397 830 2457 diximus
854 2403 933 2477 ante,

136 2487 247 2545 semina
269 2484 452 2545 multimodis
474 2487 506 2545 in
528 2484 617 2545 rebus
639 2487 730 2546 mixta
752 2487 856 2545 teneri.

135 2591 224 2651 porro
247 2591 349 2633 omnes
368 2591 569 2652 quaecumque
589 2572 687 2634 cibum
706 2575 826 2652 capiunt
843 2574 1015 2653 animantes,
1029 2596 1068 2636 era

119 2668 168 2738 ,ut
191 2667 259 2721 sunt
282 2660 440 2721 dissimiles
464 2664 648 2722 extrinsecus
671 2668 701 2722 et
723 2664 886 2740 generatim

64 2764 117 2815 630
136 2751 243 2809 extima
265 2748 466 2825 membrorum
489 2752 600 2810 circum
624 2767 744 2810 caesura
767 2754 896 2829 coercet,

63 2853 119 2904 646
132 2837 256 2916 proinde
279 2856 315 2897 ex
338 2836 502 2898 seminibus
525 2844 660 2898 constant
681 2839 811 2898 variante
835 2837 935 2915 figura

135 2927 248 2986 semina
270 2944 338 2986 cum
360 2943 449 3004 porro
473 2926 594 3006 distent,
618 2926 736 2987 differre
759 2932 911 2986 necessest

135 3012 287 3074 intervalla
309 3016 443 3095 viasque,
465 3015 609 3075 foramina
632 3033 706 3094 quae
728 3013 932 3094 perhibemus,
1029 3033 1069 3075 oso

134 3101 272 3163 omnibus
294 3104 326 3162 in
348 3102 490 3163 membris
513 3104 596 3163 etin
619 3121 669 3162 ore
693 3104 817 3182 ipsoque
840 3100 949 3181 palato:

63 3204 115 3254 665
135 3208 200 3250 esse
223 3193 338 3252 minora
361 3193 452 3272 igitur
474 3191 617 3270 quaedam
639 3193 809 3270 maioraque
833 3189 953 3270 debent,

62 3295 117 3345 651
134 3297 200 3339 esse
222 3281 368 3358 triquetra
391 3279 468 3360 aliis,
494 3279 560 3340 aliis
583 3279 723 3358 quadrata
746 3285 910 3359 necessest,

133 3367 224 3428 multa
247 3367 388 3449 rutunda,
411 3367 506 3429 modis
528 3367 630 3429 multis
652 3367 832 3446 multangula
856 3366 1005 3446 quaedam.

133 3473 260 3535 namque
283 3456 443 3535 figurarum
466 3458 540 3518 ratio
564 3462 597 3516 ut
619 3463 775 3536 motusque
798 3462 971 3536 reposcunt,
1029 3476 1068 3518 aaa

132 3544 256 3624 proinde
279 3544 472 3605 foraminibus
496 3544 604 3605 debent
627 3543 744 3605 differre
768 3545 891 3624 figurae,

114 3653 257 3695 Leonnatus.
272 3654 307 3696 ed.
320 3655 446 3706 Brleger.
836 3648 852 3698 8
