2438 3998
162 237 225 315 166
592 276 597 293 .
646 235 672 290 V

159 392 233 445 1280
248 385 287 444 sit
309 381 424 444 facilest
444 384 503 462 ipsi
524 400 579 461 per
601 388 631 443 te
653 399 844 462 cognoscere,
866 381 994 442 Memmi.

162 489 230 538 1110
249 489 330 533 arma
352 473 472 550 antiqua
493 488 598 532 manus
621 489 735 549 ungues
758 470 919 548 dentesque
943 470 1077 550 fuerunt,

247 567 278 620 et
299 558 412 638 lapides
435 561 559 619 etitem
581 558 728 619 silvarum
744 559 887 636 fragmina
909 560 997 638 rami,

248 646 1166 728 etfiammaatqueignes,postquamsuntcoguitaprimum.resa

247 737 396 816 posterius
420 735 492 797 ferri
514 737 559 795 vis
582 740 628 795 est
649 737 785 814 aerisque
807 741 932 812 reperta.

161 831 236 883 1285
248 831 278 884 et
299 825 381 903 prior
404 824 481 884 aeris
505 830 568 884 erat
590 841 678 902 quam
699 823 773 883 ferri
795 824 930 901 cognitus
952 839 1039 901 usus,

162 928 306 992 utroquo
329 911 423 972 facilis
445 913 538 989 magis
562 916 608 971 est
629 918 733 971 natura
756 916 787 972 et
808 911 893 990 copia
914 912 1016 971 maior.

248 1018 315 1062 aere
340 999 433 1060 solum
456 1007 554 1060 terrae
576 998 753 1080 tractabant,
776 1017 903 1078 aereque
925 997 997 1058 belli

248 1087 412 1150 miscebant
433 1087 540 1148 fluctus
563 1094 594 1148 et
615 1086 737 1148 vulnera
759 1094 839 1147 vasta
863 1085 1001 1146 serebant
1112 1108 1168 1148 noo

248 1184 279 1237 et
300 1194 391 1255 pecus
414 1183 502 1255 atque
524 1193 609 1254 agros
633 1174 812 1236 adimebant:
835 1193 903 1235 nam
925 1173 1010 1235 facile
1034 1172 1102 1234 ollis

162 1270 238 1323 1290
249 1266 346 1325 omnia
369 1262 512 1324 cedebant
534 1266 654 1324 armatis
676 1264 754 1325 nuda
777 1270 807 1324 et
829 1265 950 1324 inerma.

163 1352 318 1417 leucinde
340 1353 506 1413 minutatim
528 1353 674 1430 processit
696 1352 812 1412 ferreus
835 1353 932 1431 ensis,

248 1457 392 1519 versaque
415 1441 446 1499 iu
469 1438 659 1525 obprobrium
683 1442 798 1518 specics
821 1447 866 1500 est
889 1439 972 1499 falcis
995 1438 1122 1519 aberae,

249 1535 279 1589 et
301 1527 379 1587 ferro
402 1545 527 1606 coepere
551 1527 646 1588 solum
668 1528 859 1607 proscindere
882 1534 980 1588 terrae
1114 1549 1169 1590 reos

249 1623 466 1695 exaequataque
489 1623 560 1676 sunt
581 1618 697 1695 creperi
719 1617 879 1677 certamina
900 1614 978 1675 belli.

162 1710 234 1762 1295
250 1711 280 1765 et
301 1706 385 1783 prius
408 1711 455 1764 est
476 1710 619 1765 armatum
642 1706 674 1764 in
697 1706 766 1784 equi
788 1703 987 1765 conscendere
1010 1710 1110 1763 costas

162 1807 231 1858 1285
250 1800 280 1853 et
302 1792 483 1852 moderarier
505 1791 585 1853 hunc
607 1793 699 1852 frenis
722 1791 883 1871 dextraque
906 1793 1004 1870 vigere

250 1898 338 1960 quam
360 1879 460 1959 biiugo
484 1899 574 1941 curru
596 1879 667 1940 belli
689 1887 833 1959 temptare
855 1879 975 1958 pericla.
1019 1874 1028 1893 ²

250 1976 280 2030 et
301 1967 418 2047 biiugos
440 1970 524 2046 prius
547 1975 593 2028 est
614 1986 702 2047 quam
724 1967 776 2028 bis'
793 1970 972 2046 coniungere
994 1966 1082 2026 binos
1115 1990 1169 2031 roco

250 2063 280 2117 et
303 2075 390 2135 quam
412 2056 558 2116 falciferos
582 2064 726 2117 armatum
748 2056 909 2117 escendere
932 2073 1047 2116 currus.
1154 2108 1155 2113 ,

162 2151 236 2203 1300
251 2144 320 2205 inde
341 2144 432 2204 boves
455 2143 535 2204 lucas
558 2146 665 2204 turrito
689 2163 825 2225 corpore,
847 2150 952 2224 tetras,

164 2247 232 2298 1290
251 2233 457 2312 anguimanus,
480 2230 550 2291 belli
572 2232 736 2293 docuerunt
758 2232 877 2293 volnera
898 2231 991 2292 Poeni

251 2319 374 2381 sufferre
398 2327 428 2380 et
449 2337 570 2398 magnas
592 2319 693 2381 Martis
715 2320 835 2381 turbare
859 2327 998 2381 catervas.

250 2410 295 2468 sic
317 2406 375 2467 alid
398 2425 434 2468 ex
457 2406 513 2467 alio
535 2411 652 2487 peperit
674 2408 821 2469 discordia
843 2410 952 2488 tristis,
1117 2431 1169 2472 reos

248 2494 391 2556 horribile
413 2494 549 2556 humanis
572 2496 651 2576 quod
674 2496 811 2575 gentibus
833 2503 913 2557 esset
934 2498 967 2556 in
990 2496 1095 2576 armis,

161 2591 234 2644 1305
250 2585 340 2662 inque
363 2583 427 2644 dies
449 2583 519 2644 belli
540 2584 706 2645 terroribus
729 2584 841 2645 addidit
863 2602 997 2664 augmen.

163 2687 231 2738 1095
294 2671 486 2751 Temptarunt
508 2675 597 2732 etiam
619 2679 719 2734 tauros
742 2675 774 2732 in
796 2691 935 2733 moenere
957 2671 1041 2752 belli,

250 2762 423 2839 expertique
447 2778 515 2821 sues
538 2779 641 2822 saevos
664 2768 734 2823 sunt
756 2762 873 2821 mittere
897 2762 929 2820 in
951 2760 1055 2820 hostis

250 2854 280 2909 et
302 2847 413 2908 validos
436 2851 543 2928 partim
565 2867 636 2928 prae
659 2867 691 2909 se
714 2851 822 2910 misere
846 2848 946 2909 leones
1117 2871 1169 2911 ruo

250 2954 318 2996 cum
340 2936 510 2998 doctoribus
533 2939 652 2998 armatis
677 2940 830 3017 saevisque
852 2937 1016 3016 magistris,

162 3030 236 3082 1310
251 3026 303 3103 qui
325 3025 506 3086 moderarier
528 3024 575 3085 his
598 3032 720 3104 possent
741 3025 904 3104 vinclisque
923 3031 1043 3085 tenere:

165 3128 233 3178 1300
250 3115 442 3194 nequiquam,
466 3115 604 3193 quoniam
626 3114 771 3192 permixta
794 3112 883 3173 caede
905 3111 1036 3173 calentes

250 3200 408 3261 turbabant
430 3202 510 3262 saevi
532 3199 613 3261 nullo
637 3201 776 3262 discrime
799 3210 924 3282 turmas,

250 3289 396 3349 terrificas
418 3291 547 3368 capitum
571 3291 735 3367 quatientes
757 3288 889 3367 undique
912 3290 1031 3370 cristas,
1119 3311 1170 3352 1³1⁵

251 3394 306 3436 nec
328 3383 465 3455 poteraut
487 3379 602 3456 equites
624 3376 744 3437 fremitu
766 3379 925 3456 perterrita
948 3394 1094 3456 equorum

164 3471 236 3523 1315
249 3470 371 3543 pectora
394 3463 523 3525 mulcere
547 3471 577 3525 et
599 3465 691 3524 frenis
713 3472 885 3526 convertere
908 3467 940 3525 in
963 3465 1067 3526 bostis.

147 3567 223 3618 1305
243 3553 367 3615 inritata
390 3551 455 3617 leae
479 3551 626 3616 iaciebant
648 3571 772 3635 corpora
794 3552 870 3614 saltu
