2438 3998
100 217 140 272 VI
463 215 745 274 PROLEGOMENA.

102 384 170 426 cum
200 366 390 444 praefatione.
441 371 542 425 secuta
573 373 619 425 est
646 373 785 444 quattuor
809 368 893 426 annis
920 374 988 445 post
1013 370 1111 428 maior

102 453 192 514 editio
212 472 279 513 cum
298 455 517 514 commentariis
535 452 650 513 duobus
670 461 700 514 et
718 457 960 533 interpretatione
979 455 1108 534 Anglica.

102 541 139 601 de
171 543 256 602 cuius
288 541 357 601 libri
387 540 545 601 virtutibus
578 540 649 619 quid
682 542 755 602 mihi
781 542 932 603 videretur
959 550 1026 603 ante
1053 544 1109 603 hos

102 629 169 708 plus
196 631 300 707 viginti
328 647 420 689 annos
447 632 479 689 in
506 628 644 689 Bnrsiani
671 629 837 711 annalibus,
862 633 914 709 qui
940 631 1109 692 inscribun-

17 763 20 767 .
102 725 152 778 tur
178 715 399 778 Jahresbericht
429 717 505 777 tiber
535 717 583 777 die
615 715 809 778 Fortsohritte
841 718 895 778 der
925 718 1110 780 klassisohen

39 859 41 864 .
102 805 496 885 Alterthumswissenschalt,
521 824 545 865 a.
570 801 655 866 1873
678 825 706 885 p.
734 802 952 868 1098-1129
976 811 1110 886 exposui.

102 893 234 974 posthac,
262 912 336 972 quae
364 896 396 953 in
417 893 556 954 Bursiani
583 893 750 973 annalibus,
777 897 828 973 qui
851 912 929 954 nunc
953 893 989 954 ab
1011 895 1109 956 lvvano

102 980 226 1041 Millero
246 981 383 1062 eduntur,
401 983 518 1060 scripsi,
536 980 685 1042 annalium
702 980 946 1043 Lucretianorum
968 981 1110 1044 vocabulo

104 1069 283 1148 significabo.
333 1072 392 1130 iam
424 1087 540 1150 eorum,
571 1087 645 1148 quae
678 1068 720 1129 ibi
752 1072 860 1148 scripsi
892 1070 928 1130 de
955 1070 1110 1132 llunronis

103 1160 231 1237 meritis,
265 1175 409 1217 summam
439 1156 569 1217 breviter
601 1158 855 1236 comprehendam.
904 1158 1009 1218 Munro
1042 1178 1111 1220 cum

104 1245 340 1325 quattuordecim
372 1262 474 1305 eorum
500 1243 622 1306 Lucreti
653 1248 793 1306 carminis
819 1246 968 1327 codicum,
1001 1250 1052 1326 qui
1079 1251 1112 1308 in

104 1333 203 1395 ltaliae
239 1332 364 1393 urbibus
401 1339 601 1414 asservantur,
638 1340 688 1394 aut
719 1333 875 1412 diligenter
906 1342 1111 1413 perscrutatus

105 1429 184 1482 esset
202 1428 253 1482 aut
271 1427 351 1482 certe
370 1423 549 1499 inspexisset
564 1423 694 1500 itemque
712 1428 828 1482 veteres
841 1421 933 1481 libros
947 1425 1111 1502 impressos

104 1517 218 1571 tantum
246 1528 305 1570 non
333 1527 435 1569 omnes
463 1516 619 1587 cognosset
644 1516 673 1570 et
694 1528 755 1570 non
777 1528 871 1590 pauca
894 1529 929 1570 ex
952 1511 999 1570 his
1023 1512 1111 1572 lonti-

103 1598 160 1659 bus
196 1598 280 1659 utilia
312 1598 473 1679 hausisset,
509 1616 525 1658 a
557 1596 716 1676 Rernaysio
750 1598 817 1677 plus
849 1601 992 1659 trecentis
1024 1603 1111 1678 quin-
1152 1653 1157 1665 .

107 1689 246 1766 quaginta
278 1687 352 1748 locis
388 1686 539 1768 discessit,
571 1705 596 1746 v.
628 1685 699 1747 Poll.
732 1688 764 1746 iu
795 1686 895 1766 philol.
927 1685 1004 1747 XXV
1035 1684 1112 1770 497,

104 1775 295 1836 Leidensium
327 1777 532 1835 auctoritatem
564 1794 579 1835 a
611 1773 797 1836 Lachmanno
830 1781 960 1854 spretam
992 1784 1112 1837 centum

105 1863 166 1923 lere
194 1865 406 1942 quinquaginta
428 1861 502 1923 locis
524 1864 668 1943 restituit,
695 1870 853 1941 utrumque
876 1862 968 1923 multo
992 1866 1152 1946 saepiusf

104 1957 185 2010 recte
218 1968 306 2028 pam
338 1949 424 2030 falso,
456 1968 481 2009 v.
514 1967 579 2010 ann.
614 1948 729 2011 Lucret.
759 1946 844 2012 1873
874 1968 902 2027 p.
931 1947 1019 2011 1104
1047 1970 1111 2032 sqq.

106 2037 184 2098 idem
205 2044 255 2098 aut
273 2056 309 2097 ex
328 2036 452 2097 aliorum
471 2039 650 2097 coniecturis
669 2035 884 2098 aLachmanno
904 2038 949 2098 vel
968 2038 1112 2117 neglectis

106 2125 151 2186 vel
174 2125 318 2186 damnatis
341 2131 392 2185 aut
414 2126 477 2185 suis
499 2127 563 2203 ipse
587 2127 714 2186 inventis
738 2143 799 2185 non
821 2143 923 2206 pauca,
947 2146 1021 2206 quae
1045 2147 1112 2189 cor·

105 2220 191 2294 rupta
214 2221 310 2293 erant,
334 2215 453 2274 sanavit.
499 2213 551 2273 ubi
573 2215 690 2294 erravit,
713 2213 791 2292 quod
814 2231 874 2273 nou
903 2233 969 2274 raro
994 2217 1112 2299 accidit,

106 2310 138 2363 ut
159 2302 247 2363 homo
269 2303 355 2361 venia
376 2300 482 2379 dignus
505 2307 558 2362 est.

193 2390 303 2461 Quarto
320 2389 384 2449 loco
403 2391 482 2450 inter
498 2387 619 2449 Lucreti
637 2389 766 2450 editores
784 2407 972 2450 numerarem
988 2388 1112 2452 Fride-

104 2481 217 2539 ricum
240 2476 561 2556 Bookemirllerum,
583 2478 642 2537 nisi
665 2479 729 2556 ipse
752 2483 877 2538 testatus
900 2486 981 2538 esset
1003 2496 1035 2538 se
1063 2479 1113 2540 his

104 2566 292 2627 adnumerari
314 2564 400 2625 nolle.
448 2565 479 2625 id
503 2583 534 2625 se
558 2583 645 2643 agere
668 2565 754 2646 dixit,
777 2573 811 2626 ut
832 2568 891 2646 eis,
914 2569 966 2644 qui
987 2573 1055 2645 post
1078 2587 1112 2629 se

104 2672 224 2715 carmen
244 2654 280 2714 de
299 2671 400 2714 rerum
419 2660 523 2714 natura
542 2653 652 2714 edituri
669 2661 778 2734 essent,
801 2653 1012 2734 suppeditaret,
1036 2672 1112 2732 quae
1152 2686 1154 2691 ·

103 2741 212 2803 multos
230 2760 284 2821 per
302 2759 395 2802 annos
412 2743 445 2802 in
465 2741 571 2802 studiis
585 2739 769 2802 Lucretianis
787 2749 922 2802 versatus
939 2744 1112 2804 invenisset.

103 2830 193 2891 huius
220 2832 252 2890 in
278 2832 335 2890 viri
357 2831 476 2909 ingenio
498 2836 579 2890 tanta
603 2830 660 2890 luit
680 2831 886 2911 repugnantia,
913 2837 946 2890 ut
968 2832 1112 2892 maiorem

103 2937 164 2979 non
187 2917 271 2978 facile
295 2920 327 2978 in
345 2917 405 2978 ullo
423 2918 542 2978 homine
561 2920 702 2978 invenias.
742 2935 810 2978 nam
829 2936 897 2978 cum
916 2918 1113 2997 capitulorum

104 3007 239 3068 ordinem
261 3005 396 3066 inlibris
415 3007 624 3084 manuscriptis
642 3003 793 3066 turbatum
811 3023 872 3065 non
890 3024 956 3066 raro
975 3009 1112 3069 acumine

104 3098 213 3155 eximio
245 3094 413 3172 indagasset
444 3100 474 3154 ct
505 3112 563 3173 quo
596 3096 722 3172 quicque
752 3094 1003 3172 transponendum
1031 3098 1122 3156 esset

103 3185 314 3264 perspexisset,
338 3182 418 3243 idem
443 3199 502 3242 non
525 3181 612 3242 modo
636 3182 672 3242 de
696 3184 836 3242 carminis
859 3183 972 3260 origine
996 3181 1111 3243 fabulas

103 3273 233 3332 narravit
259 3289 383 3350 prorsus
411 3269 613 3350 incredibiles,
644 3269 695 3330 sed
723 3272 755 3330 in
781 3277 865 3331 textu
892 3288 980 3348 quem
1007 3279 1114 3333 vocant

104 3359 312 3420 constituendo
340 3360 512 3438 saepissime
540 3357 586 3418 vel
612 3359 644 3417 iu
672 3359 826 3418 sanissima
852 3376 985 3437 quaeque
1008 3361 1114 3420 saeviit

105 3449 190 3526 quasi
213 3448 312 3508 lurore
335 3446 475 3525 abreptus
498 3453 527 3506 et
551 3449 649 3506 omnia
666 3446 837 3506 foedissime
855 3445 992 3508 turbavit.
1032 3446 1114 3508 velut

104 3538 136 3596 in
159 3534 228 3596 libri
251 3535 372 3596 alterius
390 3535 525 3595 versibus
546 3530 720 3597 lov-176
738 3533 810 3594 haec
830 3536 961 3611 scripsit:
984 3531 1030 3595 Aa
1046 3535 1115 3613 gui·
