2438 3998
586 224 625 279 VI
1045 219 1105 287 187

102 374 160 428 545
175 369 278 431 subter
300 369 352 432 ubi
374 372 502 450 ingentis
526 372 680 450 speluncas
703 372 820 433 subruit
842 379 936 434 aetas:
1068 391 1108 434 scs

102 474 158 523 oto
178 460 287 538 quippe
310 458 419 520 cadunt
440 461 496 520 toti
518 468 647 541 montes,
669 479 832 540 magnoque
854 467 976 540 repente
1037 522 1043 532 ,

175 565 322 608 concussu
344 545 401 607 late
425 547 597 627 disserpunt
618 548 687 608 inde
709 554 867 630 tremores3

175 642 205 695 et
227 637 347 716 merito,
370 637 508 714 quoniam
529 635 655 714 plaustri
677 654 819 696 concussa
839 642 1023 697 tremescunt

174 728 264 803 tecta,
286 725 363 783 viam
385 730 519 808 propter,
541 742 601 784 uon
622 742 728 802 magno
751 723 882 804 pondere
904 730 978 804 tota,

102 815 159 868 550
174 829 230 871 nec
253 813 351 871 minus
374 810 507 873 exultant
528 830 591 892 res,
613 819 648 873 ut
669 812 736 891 lapi'
758 829 884 890 cumque
906 813 965 872 viai
1068 832 1109 874 vso

102 914 156 965 oto
175 898 300 960 ferratos
322 901 472 978 utrimque
494 907 626 960 rotarum
648 902 777 961 succutit
798 899 894 961 orbes.

176 987 209 1046 iit
232 1005 362 1067 quoque,
384 986 436 1048 ubi
458 989 490 1047 iu
511 1005 632 1067 magnas
655 993 921 1065 acuaevastasque
944 985 1063 1048 lacunas

175 1073 259 1155 gleba
281 1082 424 1136 vetustate
448 1093 464 1136 e
486 1081 567 1137 terra
588 1075 770 1156 provolvitur
790 1077 908 1155 ingens,

174 1169 208 1224 ut
230 1165 355 1225 iactetur
377 1181 468 1242 aquae
491 1163 583 1225 lluctu
606 1182 723 1244 quoque
744 1171 824 1224 terra
845 1161 998 1244 vacillans3

102 1257 159 1308 555
174 1257 208 1312 ut
229 1268 280 1312 vas
302 1248 455 1313 interdtcm
476 1268 536 1312 non
559 1254 623 1330 quit
645 1259 793 1333 constare,
815 1253 874 1312 nisi
897 1267 982 1312 umor
1068 1272 1107 1313 aas

98 1355 157 1419 580
175 1338 290 1400 destitit
310 1341 343 1399 in
366 1338 455 1401 dubio
478 1339 569 1401 lluctu
592 1342 729 1402 iactarier
751 1343 839 1401 intus.

218 1425 375 1504 Praeterea
396 1435 501 1489 ventus
524 1446 591 1488 cum
613 1446 667 1506 per
689 1428 753 1490 loca
775 1427 901 1489 subcava
923 1434 1019 1488 terrae
1134 1472 1136 1475 -

174 1514 315 1577 collectus
337 1522 420 1595 parte
444 1533 480 1575 er
503 1533 561 1576 una
582 1516 750 1595 procumbit
772 1524 802 1578 et
824 1523 911 1595 urget

175 1602 300 1664 obnixus
322 1604 436 1682 magnis
458 1603 613 1682 speluncas
635 1603 747 1665 viribus
770 1603 855 1685 altas,

101 1697 160 1749 500
176 1689 321 1753 incumbit
342 1689 429 1752 tellus
452 1709 510 1770 quo
533 1693 614 1752 venti
635 1710 728 1770 prona
749 1694 857 1771 premit
878 1693 936 1752 vis:
1067 1712 1107 1754 sco

102 1795 155 1844 585
173 1787 237 1840 tum
260 1797 368 1858 supera
388 1785 499 1841 terram
523 1797 596 1858 quae
620 1787 689 1841 sunt
711 1786 843 1841 extructa
865 1779 1033 1859 domorum,

175 1867 210 1927 ad
233 1866 404 1947 caelumque
428 1869 520 1946 magis
544 1875 652 1946 quanto
676 1875 745 1928 sunt
767 1867 845 1929 edita
867 1885 1013 1950 quaeque,

174 1953 314 2016 inclinata
339 1957 454 2017 minent
476 1957 508 2015 iu
531 1954 654 2015 eandem
676 1956 792 2035 prodita
813 1963 940 2040 partem,

174 2049 397 2122 protractaeque
420 2041 519 2103 trabes
542 2042 704 2121 inpendent
725 2043 769 2102 ire
791 2047 918 2120 paratae.

103 2135 159 2188 505
175 2136 206 2191 et
227 2137 362 2191 metuunt
382 2131 481 2209 magni
503 2137 638 2191 naturam
661 2128 782 2190 credere
805 2129 908 2189 muudi
1067 2151 1106 2193 oco

103 2235 156 2284 500
174 2217 292 2280 exitiale
315 2217 432 2298 aliquod
454 2223 572 2297 tempus
594 2217 764 2296 clademque
786 2234 919 2298 manere,

175 2324 242 2368 cum
265 2306 383 2367 videant
404 2312 515 2366 tautam
537 2312 685 2367 terrarum
707 2304 878 2367 incumbere
900 2303 1021 2366 moleml

176 2395 255 2474 quod
277 2396 337 2455 nisi
358 2396 508 2475 respirent
529 2396 622 2474 venti,
644 2395 689 2454 vis
711 2393 790 2455 nirda
811 2395 941 2454 refrenet

174 2500 224 2544 res
246 2501 343 2562 neque
365 2482 401 2543 ab
425 2484 515 2544 exitio
537 2483 632 2561 possit
654 2481 871 2560 reprehendere
894 2483 1005 2543 euntis:

103 2576 159 2628 570
174 2588 254 2633 nunc
276 2573 344 2650 quia
366 2572 515 2650 respirant
536 2569 657 2631 alternis
680 2571 769 2648 inque
792 2577 967 2647 gravescunt
1067 2592 1107 2633 ovo

104 2673 158 2724 505
177 2667 207 2721 et
229 2661 314 2739 quasi
336 2657 452 2719 collecti
473 2658 599 2720 redeunt
621 2658 788 2736 ceduntque
809 2656 934 2738 repulsi,

175 2749 293 2827 saepius
315 2746 390 2808 hanc
413 2745 451 2806 ob
474 2764 538 2807 rem
559 2748 713 2807 minitatur
735 2753 814 2806 terra
836 2747 937 2806 ruinas

175 2853 261 2914 quam
284 2835 366 2896 facit:
389 2832 548 2895 inclinatur
571 2835 650 2894 enim
672 2841 811 2911 retroque
833 2831 960 2913 recellit,

175 2929 205 2984 et
223 2924 332 3002 'recipit
352 2921 489 3002 prolapsa
511 2940 579 2983 suas
602 2924 634 2982 in
656 2921 787 3000 pondera
809 2920 903 2981 sedes.

103 3016 158 3069 575
173 3010 229 3072 hae
251 3013 341 3089 igitur
363 3012 476 3071 ratione
498 3008 635 3071 vacillant
658 3011 755 3070 omnia
776 3014 867 3088 tecta,
1066 3030 1106 3072 avo

103 3113 156 3164 ooo
175 3117 288 3160 summa
309 3100 403 3177 magis
425 3097 545 3178 mediis,
567 3098 664 3159 media
687 3099 768 3178 imis,
790 3098 849 3156 ima
870 3094 1026 3174 perhilum.

216 3186 270 3248 Est
290 3186 364 3247 haec
387 3186 520 3247 eiusdem
543 3204 659 3265 quoque
682 3187 781 3265 magni
802 3202 891 3245 causa
912 3186 1063 3264 tremoris,

172 3283 277 3338 ventus
304 3272 357 3334 ubi
379 3281 466 3353 atque
489 3276 603 3335 animae
626 3272 724 3336 subito
746 3276 792 3334 vis
813 3275 940 3334 maxima
962 3272 1105 3353 quaedam

173 3371 223 3425 aut
245 3365 431 3424 extrinsecus
453 3369 503 3423 aut
525 3364 589 3441 ipsa
611 3362 716 3424 tellure
740 3368 839 3423 coorta

101 3457 158 3510 580
173 3454 204 3512 in
226 3450 290 3513 loca
313 3469 345 3512 se
368 3468 437 3512 cava
458 3453 550 3511 terrai
572 3452 711 3530 coniecit,
734 3449 834 3528 ibique
956 3491 958 3495 ψ
1066 3472 1107 3513 ooo

101 3555 153 3606 805
169 3539 328 3620 speluncas
350 3540 427 3600 inter
450 3557 569 3617 magnas
592 3538 692 3599 fremit
713 3545 780 3598 ante
803 3537 930 3600 tumultu
