2438 3998
579 239 623 301 Iu,

101 404 153 456 6⁷5
171 386 428 468 paulatimiacilis
452 387 610 448 distractus
633 389 665 447 in
688 363 888 468 emissuras,

172 496 209 538 ex
232 477 289 538 alto
311 477 440 555 primum
464 478 532 554 quia
554 477 603 537 vix
626 478 772 537 emittitur
794 494 830 537 ex
851 494 897 537 re:

66 617 69 626 .
172 583 240 626 nam
262 567 381 645 penitus
404 564 497 624 fluere
520 571 607 643 atquo
630 563 771 625 recedere
794 563 883 625 rebus
907 563 1012 624 odores
1067 582 1107 626 aea

172 655 318 733 significat
341 652 419 731 quod
441 652 534 712 fracta
556 654 651 730 magis
674 651 808 713 redolere
831 651 968 713 videntur

102 758 157 809 695
175 744 286 823 omnia,
310 741 387 819 quod
411 743 550 821 contrita,
573 740 651 820 quod
675 742 737 819 igni
759 739 969 801 conlabefacta:

103 846 154 898 oso
173 831 279 892 deinde
302 830 401 890 videre
424 829 495 890 licet
517 828 767 898 maioribusssesse
791 835 921 889 creatum

172 920 327 998 principiis
351 935 529 999 qrammi,
552 920 691 996 quoniam
713 935 767 996 per
789 935 876 978 saxea
899 923 999 996 saepta

173 1026 233 1067 non
254 1013 403 1086 penetrat,
426 1025 483 1085 qua
505 1024 560 1067 vox
583 1004 667 1084 volgo
691 1008 863 1085 sonitusque
886 1005 1030 1066 feruntur.
1069 1025 1109 1065 roo
1212 1028 1216 1041 ¹

175 1114 265 1176 quare
288 1096 376 1155 etiam
400 1094 478 1173 qnod
501 1093 560 1154 olet
582 1112 642 1154 non
664 1102 725 1154 tam
747 1093 832 1154 facile
855 1110 921 1153 esse
944 1090 1058 1152 videbis

104 1201 159 1251 700
175 1185 350 1260 investigare
374 1185 406 1242 in
429 1201 486 1261 qua
509 1184 548 1242 sit
570 1184 691 1260 regione
713 1180 853 1242 locatum:

104 1288 156 1337 685
174 1272 341 1350 refrigescit
364 1273 444 1330 enim
467 1270 632 1331 cunctando
654 1269 739 1350 plaga
761 1288 816 1349 per
838 1287 938 1350 auras,

174 1378 231 1420 nec
253 1358 346 1419 calida
369 1359 405 1418 ad
429 1376 549 1419 sensum
572 1359 733 1419 decurrunt
754 1360 858 1419 nuntia
881 1375 988 1419 rerum.

175 1455 276 1509 errant
298 1464 395 1525 saepe·
409 1464 497 1506 canes
521 1448 620 1525 itaque
644 1453 674 1507 et
695 1448 818 1525 vestigia
841 1451 995 1525 quaerunt.
1069 1465 1109 1507 roa

219 1529 228 1619 i)
241 1535 302 1595 Nec
324 1542 423 1596 tamen
444 1535 501 1596 hoc
523 1534 596 1595 solis
617 1536 649 1594 in
672 1534 813 1595 odoribus
836 1542 923 1613 atque
947 1551 1085 1612 saporum

106 1640 159 1692 705
174 1626 206 1684 in
228 1630 379 1703 generest,
402 1622 454 1683 sed
477 1625 547 1684 item
571 1625 686 1702 species
708 1618 809 1683 rer'um
832 1629 919 1701 atque
943 1621 1057 1682 colores

106 1731 157 1779 690
175 1730 234 1772 non
257 1714 298 1772 ita
320 1713 498 1772 conveniunt
520 1710 556 1771 ad
580 1729 685 1771 sensus
708 1710 846 1772 omnibus
868 1727 984 1790 omnes,

176 1808 290 1861 utnon
314 1801 374 1860 sint
397 1799 463 1860 aliis
486 1799 630 1878 quaedam
651 1801 745 1876 magis
768 1800 847 1859 acria
868 1801 942 1880 risu.

161 1890 249 1968 ·quin
272 1889 360 1949 etiam
383 1887 503 1967 gallum,
526 1893 643 1947 noctem
666 1885 909 1966 explaudentibus
932 1885 987 1947 alis
1071 1907 1110 1949 uo
1200 1926 1208 1937 ·

177 1993 312 2036 auroram
335 1974 413 2036 clara
436 1982 609 2036 consuetum
631 1992 702 2035 vnce
725 1993 842 2055 vocare,

106 2082 160 2133 710
176 2082 274 2125 noenu
296 2070 408 2142 queunt
430 2063 528 2124 rabidi
551 2070 653 2124 contra
675 2069 810 2124 constare
833 2061 934 2123 leones

107 2169 158 2219 695
176 2155 267 2232 inque
288 2154 379 2212 tueri:
402 2153 442 2213 ita
466 2154 605 2212 continuo
628 2154 790 2212 meminere
813 2152 907 2232 rugai,

176 2243 329 2321 nimimm,
352 2241 421 2319 quia
444 2248 514 2300 sunt
534 2240 677 2320 gallorum
700 2242 878 2320 incorpore
901 2239 1045 2319 quaedam

178 2331 303 2408 semina,
325 2346 400 2407 quae
424 2347 491 2388 cum
514 2337 584 2390 sunt
606 2327 699 2389 oculis
722 2330 844 2389 inmissa
866 2327 998 2408 leonum,
1071 2349 1111 2391 uo

104 2496 107 2502 Ι
177 2416 303 2497 pupillas
324 2416 520 2477 interfodiunt
542 2435 698 2496 acremque
722 2416 853 2477 dolorem

107 2522 161 2575 715
177 2504 331 2585 praebent,
354 2511 388 2565 ut
410 2512 558 2584 nequeant
580 2512 681 2566 contra
704 2505 810 2566 durare
833 2505 961 2586 seroces3

108 2610 246 2661 roncum
268 2600 367 2654 tamen
388 2593 460 2654 haec
482 2600 599 2655 nostras
622 2596 701 2654 acies
724 2593 766 2654 nil
788 2593 905 2654 laedere
927 2595 1054 2672 possint,

177 2689 227 2743 aut
249 2684 317 2761 quia
339 2699 399 2743 non
421 2689 589 2762 penetrant,
612 2689 662 2742 aut
685 2682 762 2761 quod
784 2681 1007 2761 penetrantibus
1030 2680 1089 2741 illis

179 2772 274 2831 exitus
298 2789 334 2831 ex
356 2769 450 2830 oculis
472 2769 548 2830 liber
571 2769 669 2850 datur,
691 2772 723 2830 in
745 2768 920 2830 remorando
1072 2791 1112 2832 uo

178 2858 294 2919 laedere
316 2877 354 2919 ne
377 2861 492 2937 possint
515 2877 551 2919 ex
573 2857 632 2918 ulla
655 2857 766 2919 lumina
788 2864 879 2937 parte.
897 2853 909 2938 ΙΙ

107 2963 166 3015 720
220 2946 305 3007 Nunc
323 2964 386 3027 age,
404 2964 478 3026 quae
497 2953 632 3007 moveant
650 2948 781 3006 animum
798 2964 847 3007 res
861 2948 971 3025 accipe,
989 2952 1020 3005 et
1033 2945 1111 3005 unde

109 3049 161 3101 ‘105
179 3053 253 3114 quae
276 3037 398 3094 veniunt
419 3037 537 3095 veniant
559 3037 591 3094 in
612 3041 742 3095 mentem
764 3036 884 3114 percipe
907 3035 1019 3112 paucis.

178 3124 325 3202 principio
347 3122 404 3183 boc
427 3121 505 3202 dico,
528 3139 629 3183 rerum
653 3122 810 3183 simulacra
832 3123 931 3202 vagari

179 3210 270 3272 multa
292 3211 389 3271 modis
410 3209 511 3271 multis
533 3213 565 3271 in
589 3219 710 3272 cunctas
732 3211 862 3290 undique
884 3212 977 3290 partis
1074 3231 1113 3273 ua

179 3301 289 3379 tenvia,
312 3317 387 3378 quae
410 3299 494 3360 facile
518 3302 597 3359 inter
620 3318 652 3360 se
676 3302 839 3378 iunguntur
860 3301 892 3358 in
914 3300 1007 3378 curie,

107 3403 166 3455 725
180 3387 263 3448 obvia
286 3405 355 3448 cum
378 3390 511 3468 veniunt,
533 3395 567 3449 ut
590 3407 696 3449 aranea
718 3388 890 3467 bratteaque
913 3388 984 3447 auri.

109 3492 160 3541 710
180 3478 288 3555 quippe
312 3477 421 3537 etenim
444 3475 537 3537 multo
560 3478 652 3555 magis
675 3477 748 3538 haec
772 3484 841 3537 sunt
862 3477 960 3536 tenvia
982 3481 1065 3535 textu

180 3583 267 3643 quam
291 3582 364 3643 quae
388 3566 558 3644 percipiunt
581 3564 681 3626 oculos
704 3568 858 3645 risumque
881 3562 1042 3645 lacessunt,

866 3663 903 3717 8*
