2438 3998
469 227 750 285 PROLEGOMENA.
1038 230 1116 285 xvir

102 370 199 455 1875,
232 373 432 435 demonstravi
464 393 530 437 ann.
562 375 662 454 philol.
695 396 723 456 p.
748 374 822 459 623,
854 385 884 438 et
916 377 1116 439 demonstravi

101 460 238 540 exemplo
269 460 512 523 luculentissimo.
563 464 612 525 hic
647 467 779 543 primum
810 467 883 527 sciri
914 473 1031 546 oportet
1057 465 1115 527 Lu-

102 551 229 610 cretium
251 550 292 610 ita
315 568 432 629 quoque
455 550 591 612 versibus
614 553 757 613 iterandis
777 553 925 636 delectari,
949 561 983 615 ut
1002 573 1037 614 ex
1056 554 1114 614 alio

101 638 167 699 loco
186 640 322 716 repetitis
340 656 432 698 noros
451 639 599 721 adiungat,
616 641 697 701 velut
714 641 732 701 l.
752 640 765 701 l
783 642 919 702 versibus
939 639 1113 704 140-142

101 723 182 788 1111113
214 723 310 805 igilur
341 728 486 789 terrorem
517 725 619 790 animi
650 736 705 789 etc.
738 732 769 789 in
796 729 864 790 l.ll
891 732 1027 809 repetitis
1059 730 1114 791 hos

100 815 278 893 praemittit:
296 831 373 876 113111
385 811 478 877 veluti
488 814 584 895 pueri
598 823 662 897 etc,
680 835 724 877 vv.
738 813 879 880 ott-58.
912 819 1009 878 simile
1029 818 1113 896 quid·

102 903 170 963 dam
193 902 264 962 lacit
285 904 318 962 in
340 921 375 963 ea
397 907 615 982 comparatione
639 923 714 984 quae
738 912 784 965 est
803 908 953 966 variarum
971 910 1112 968 materiae

101 991 264 1051 formarum
306 1008 374 1050 cnm
408 991 530 1073 litteris,
571 1011 659 1072 quam
695 996 944 1073 comparationem
982 997 1112 1074 primum

102 1079 226 1139 dimidio
252 1097 341 1138 versu
369 1079 479 1140 dixisse
508 1083 580 1141 satis
607 1080 696 1142 habet
722 1082 735 1141 Ι
764 1078 841 1162 191,
874 1083 980 1143 deinde
1009 1081 1112 1160 ampli·

102 1168 219 1228 ficatam
248 1174 387 1245 quattuor
407 1167 544 1229 versibus
568 1169 639 1229 dicit
663 1165 847 1252 817—820,
873 1178 938 1231 tum
961 1171 997 1231 ad
1019 1189 1112 1231 unum

101 1254 270 1334 exemplum
294 1254 413 1315 adhibet
435 1274 478 1316 vv.
503 1252 692 1338 906—908,
718 1265 870 1337 postremo
898 1277 950 1320 sex
976 1257 1112 1320 versibus

101 1343 231 1423 explicat
262 1342 280 1403 l.
312 1342 339 1402 ll
368 1339 595 1405 1010-1015.
645 1345 699 1406 hos
731 1347 822 1425 igitur
852 1365 957 1407 versus
991 1354 1020 1407 et
1051 1365 1112 1407 non

101 1450 195 1511 pauca
222 1430 346 1512 habere,
372 1433 404 1491 in
432 1430 540 1510 quibus
567 1433 633 1492 inre
661 1434 840 1515 offenderes,
868 1441 898 1494 et
924 1452 984 1495 non
1012 1437 1112 1496 minus

101 1520 207 1601 multa,
234 1519 343 1598 quibus
370 1518 569 1580 declararetur
597 1539 614 1580 a
642 1521 723 1581 nnllo
749 1523 811 1582 nisi
837 1541 853 1582 a
880 1521 1019 1582 Lucretio
1046 1524 1112 1602 ipso

101 1610 235 1686 potuisse
254 1605 355 1688 scribi,
378 1606 466 1668 docui
487 1607 505 1667 l.
526 1627 550 1668 c.
586 1626 646 1668 non
665 1611 756 1688 igitur
779 1611 808 1668 ei
825 1609 940 1669 ferendi
959 1616 1037 1690 sunt,
1060 1612 1112 1687 qui

102 1698 133 1755 in
155 1695 304 1755 levissima
328 1714 443 1773 quaque
465 1695 690 1777 offensiuncula,
714 1695 816 1773 quales
838 1714 925 1776 saepe
949 1715 985 1757 ex
1008 1714 1112 1756 eorum

102 1786 155 1864 qni
182 1783 335 1844 offendunt
361 1801 463 1844 errore
490 1791 665 1864 nascuntur,
694 1803 755 1845 non
778 1783 913 1844 dubitant
934 1784 970 1844 ad
994 1783 1112 1845 obelum

102 1871 270 1950 confugere.

191 1959 244 2019 Est
266 1959 322 2019 hoc
340 1958 460 2020 Lucreti
482 1962 645 2040 proprium,
668 1968 702 2020 nt
723 1966 753 2020 et
770 1959 905 2020 versibus
924 1967 955 2020 et
971 1978 1112 2021 versuum

101 2046 238 2127 partibus
268 2047 412 2108 iterandis
439 2054 469 2107 et
495 2049 643 2108 variandis
671 2055 701 2108 et
727 2047 801 2108 locis
827 2048 945 2128 longius
972 2051 1052 2108 inter
1079 2067 1110 2108 se

103 2153 191 2214 saepe
214 2134 391 2195 distantibus
414 2134 460 2194 vel
482 2135 666 2214 singularum
687 2135 733 2196 vel
754 2136 884 2215 plurium
902 2154 1009 2197 vocum
1026 2155 1111 2216 repe-

101 2224 207 2283 titione
230 2225 315 2301 quasi
336 2241 426 2283 aureo
449 2224 565 2284 vinculo
589 2227 668 2284 inter
691 2243 723 2285 se
741 2224 867 2302 ligandis
886 2243 1005 2285 carmen
1024 2242 1110 2285 sunm

102 2329 210 2372 ornare
238 2311 367 2392 studeat;
395 2311 426 2370 id
454 2312 532 2390 quod
561 2315 589 2372 31
615 2314 725 2372 mirum
751 2314 783 2371 in
809 2313 930 2372 modum
957 2314 1109 2373 successit.

101 2397 206 2460 habuit
232 2406 330 2459 autem
357 2399 411 2460 hac
439 2401 470 2459 in
498 2407 560 2459 arte
584 2419 672 2478 quem
695 2407 870 2479 sequeretur
893 2418 961 2460 eum
983 2406 1110 2480 poetam,

102 2505 193 2567 quem
222 2505 315 2566 paene
347 2494 466 2567 praeter
498 2506 600 2547 omnes
627 2487 737 2568 laudat,
769 2487 990 2570 Empedoclem,
1023 2506 1111 2567 quem

101 2575 239 2654 plurimis
266 2575 355 2635 rebus
377 2576 553 2636 imitandum
575 2574 633 2635 sibi
655 2584 857 2655 proposuerat.
903 2594 991 2655 quam
1014 2578 1110 2636 imita-

101 2667 215 2724 tionem
237 2665 269 2723 in
286 2664 513 2742 repetitionibus
532 2682 649 2743 quoque
668 2666 751 2724 cerui
769 2683 837 2724 cum
855 2665 970 2742 primus
988 2663 1111 2724 vidisset

101 2751 244 2812 Aemilius
262 2750 382 2832 Hallier,
404 2752 456 2830 qni
478 2750 598 2812 Lucreti
620 2755 751 2812 carmina
774 2770 790 2811 3
814 2752 985 2830 fragmentis
1003 2750 1110 2830 Empe-

102 2839 196 2899 doclis
219 2838 403 2899 adumbravit
425 2840 494 2900 diss.
517 2840 631 2900 lenens.
655 2859 679 2900 a.
705 2837 789 2903 1857
814 2842 933 2919 scripta,
956 2838 1111 2900 oblocutus

102 2930 131 2986 31
154 2933 201 2987 est
218 2928 372 2987 Gneissius
390 2926 408 2987 l.
428 2946 452 2988 c.
471 2945 499 3006 p.
519 2924 539 2988 9
558 2946 632 3008 sqq,
655 2930 698 2989 eis
721 2935 820 2989 tamen
845 2927 987 3006 exemplis
1006 2926 1111 3008 allatis,

102 3033 138 3074 ex
167 3014 276 3094 quibus
304 3033 371 3075 eum
399 3034 459 3076 non
486 3022 566 3076 recte
595 3016 763 3079 oblocutum
790 3023 936 3095 appareat.
982 3033 1051 3074 nam
1078 3022 1112 3075 ut

101 3120 205 3163 verum
238 3105 289 3184 sit,
321 3104 399 3182 quod
427 3110 514 3182 negat
541 3104 618 3183 apud
646 3105 873 3183 Acragantinum
900 3105 1111 3183 repetitionum

100 3209 190 3251 usum
212 3199 272 3252 tam
295 3192 352 3252 late
375 3199 476 3270 patere
500 3210 588 3271 quam
611 3193 688 3271 apud
710 3191 883 3274 Romanum,
907 3194 974 3272 quis
994 3195 1111 3272 ignorat

102 3297 220 3360 semper
243 3281 305 3341 iere
329 3279 425 3340 solere
449 3298 509 3361 eos,
533 3282 584 3358 qui
607 3280 735 3359 aliquem
757 3283 918 3361 imitantur,
942 3280 1060 3360 longius
1078 3284 1111 3341 in

101 3386 135 3428 ea
164 3386 211 3449 re,
239 3387 327 3448 quam
353 3370 541 3448 potissimum
564 3370 728 3449 imitantur,
758 3369 898 3447 progredi
922 3387 1010 3448 quam
1034 3387 1110 3449 eum,

101 3473 117 3514 a
140 3475 200 3535 quo
223 3455 391 3535 exemplum
414 3458 472 3516 sibi
495 3453 707 3535 sumpserunt?

190 3544 266 3605 Sunt
291 3562 362 3604 vero
386 3563 460 3624 qnae
484 3546 516 3604 in
537 3563 676 3605 versuum
700 3544 905 3606 iterationibus
928 3563 984 3605 nos
1006 3544 1110 3604 leviter

152 3652 295 3695 1113111133.
308 3655 343 3695 ed.
356 3653 482 3705 Brleger.
877 3643 896 3696 b
