2438 3998
581 221 621 276 IV
1046 221 1110 286 125

100 383 175 436 1055
190 367 242 428 sed
266 367 391 447 fugitare
415 368 500 428 decet
523 369 679 430 simulacra
701 376 732 430 et
753 369 860 449 pabula
882 371 991 431 amoris

102 474 172 522 1040
191 455 358 516 absterrere
383 455 439 516 sibi
462 464 549 535 atque
572 457 629 520 alio
653 465 824 518 convertere
847 465 977 518 mentem

191 551 221 605 et
243 546 339 605 iacere
363 563 497 605 umorem
519 544 686 607 conlectum
708 548 740 606 in
758 564 882 626 corpora
900 563 1042 627 quaeque,
1056 564 1110 608 roos

190 652 246 693 nec
269 635 412 713 retinere,
436 633 528 693 semel
550 652 726 695 conversum
747 636 836 694 unius
860 653 972 716 amore,

191 728 222 782 et
244 739 362 781 servare
386 720 444 781 sibi
466 740 568 782 curam
590 729 763 801 certumque
787 722 931 783 dolorem:

103 825 177 877 1000
193 808 277 870 ulcus
301 812 380 870 enim
402 812 525 870 vivescit
547 817 578 871 et
599 813 789 871 inveterascit
811 810 928 891 alendo,

104 915 172 964 1045
192 900 282 976 inque
306 898 369 957 dies
393 896 491 976 gliscit
513 899 596 959 iuror
619 906 706 978 atque
730 917 868 959 aerumna
892 901 1049 979 gravescit,

192 988 299 1046 sinon
321 988 416 1064 prima
439 989 522 1047 novis
546 986 704 1048 conturbes
726 986 845 1047 volnera
867 985 960 1065 plagis
1057 1008 1110 1050 1oro
1145 1036 1148 1041 .

191 1074 398 1153 volgivagaque
423 1093 513 1154 vagus
535 1074 648 1135 Venere
672 1082 738 1135 ante
762 1076 892 1136 recentia
915 1093 1001 1135 cures

192 1169 242 1222 aut
265 1162 322 1222 alio
344 1165 442 1241 possis
465 1165 555 1223 animi
577 1163 732 1224 traducere
754 1169 860 1223 motus.

103 1265 176 1317 1005
235 1249 297 1311 Νο0
319 1249 442 1310 Veneris
464 1252 564 1313 fructu
585 1259 666 1312 caret
687 1255 714 1312 is
737 1253 789 1330 qui
811 1253 883 1312 vitat
904 1268 1047 1331 amorem,

105 1354 174 1404 1050
193 1338 245 1399 sed
268 1341 367 1418 potius
391 1357 465 1418 quae
490 1347 558 1400 sunt
581 1343 645 1400 sine
668 1358 761 1418 poena
784 1339 936 1400 commoda
960 1341 1062 1400 sumit:

191 1446 260 1487 nam
283 1433 363 1498 certe
386 1435 490 1506 purast
511 1430 590 1489 sanis
613 1430 706 1506 magis
729 1428 798 1488 inde
820 1427 954 1508 voluptas
1057 1448 1109 1490 mro

100 1542 103 1549 ·
193 1534 280 1594 quam
302 1518 428 1576 miseris.
465 1520 574 1576 etenim
597 1515 733 1595 potiundi
754 1523 887 1594 tempore
910 1519 940 1575 in
964 1518 1030 1594 ipso

193 1605 316 1665 fluctuat
337 1605 459 1664 incertis
483 1604 634 1665 erroribus
658 1603 745 1664 ardor
768 1611 929 1685 amantum,

104 1686 268 1774 10701lnec
287 1699 402 1752 constat
420 1691 490 1771 quid
506 1695 636 1771 primum
650 1691 742 1753 oculis
756 1691 950 1771 manibusque
965 1692 1108 1753 fruantur.

106 1796 174 1845 1055
194 1779 272 1859 quod
295 1782 420 1860 petiere,
443 1787 582 1859 premunt
604 1787 680 1860 arte,
703 1781 874 1859 iaciuntque
896 1779 1028 1840 dolorem

193 1871 340 1947 corporiS,
362 1875 392 1928 et
414 1868 518 1929 dentes
540 1867 668 1929 inlidunt
690 1885 776 1947 saepe
799 1867 913 1928 labellis
1029 1912 1033 1919 ·
1057 1890 1109 1932 roeo

193 1955 351 2034 osculaque
374 1957 529 2037 adfligunt,
552 1959 620 2035 quia
642 1975 702 2016 non
724 1964 770 2017 est
792 1974 867 2036 pura
888 1956 1022 2036 voluptas

194 2051 225 2106 et
247 2044 359 2105 stimuli
382 2044 519 2126 subsunt,
542 2047 593 2124 qui
615 2047 757 2124 instigant
779 2043 895 2105 laedere
919 2045 949 2105 id
971 2048 1082 2127 ipsum,

104 2147 178 2199 1075
193 2133 439 2214 quodcumquest,
462 2133 559 2194 rabies
582 2132 660 2194 unde
683 2132 768 2194 illaec
790 2135 922 2212 germina
946 2141 1078 2212 surgunt

106 2236 175 2286 1060
195 2221 247 2281 sed
270 2220 373 2281 leviter
395 2240 505 2301 poenas
528 2222 636 2300 frangit
657 2221 755 2281 Venus
778 2223 857 2281 inter
879 2239 1022 2303 amorem,

193 2309 357 2387 blandaque
379 2310 509 2370 refrenat
531 2327 648 2370 morsus
671 2309 799 2370 admixta
821 2308 962 2389 voluptas.
1059 2332 1111 2373 maa

193 2415 319 2476 namque
342 2399 373 2456 in
396 2416 432 2457 eo
455 2415 523 2477 spes
546 2405 603 2479 est,
626 2397 734 2458 undest
755 2396 871 2458 ardoris
893 2400 989 2478 origo,

193 2487 339 2563 restingui
366 2504 482 2564 quoque
509 2504 597 2565 posse
622 2485 658 2545 ab
682 2485 786 2547 eodem
808 2503 932 2565 corpore
955 2485 1109 2546 llammam.

106 2588 179 2640 1000
194 2573 271 2653 quod
294 2573 361 2633 fieri
383 2581 483 2634 contra
506 2581 602 2635 totum
623 2581 727 2635 natura
750 2579 908 2654 repugnat,

108 2677 175 2727 1005
193 2680 311 2740 unaque
329 2680 378 2722 res
395 2662 468 2722 haec
485 2662 540 2743 est,
558 2664 643 2723 cuius
661 2679 805 2741 proquam
817 2660 944 2740 plurima
958 2660 1111 2743 habemus,

193 2757 253 2810 tam
275 2752 369 2829 magis
392 2750 519 2810 ardescit
541 2750 605 2810 dira
628 2749 792 2829 cuppedine
815 2757 927 2828 pectus
1059 2772 1112 2814 rooo

193 2856 262 2898 nam
284 2837 369 2898 cibus
392 2845 479 2916 atque
502 2856 588 2898 umor
610 2837 752 2898 membris
775 2837 940 2898 adsumitur
962 2841 1055 2920 intus3

194 2945 268 3005 quae
291 2928 430 3004 quoniam
453 2933 548 2987 certas
571 2933 695 3004 possunt
717 2925 854 2986 obsidere
876 2928 983 3007 partis,

105 3014 357 3080 100500015οἰΙο
380 3013 514 3093 expletur
536 3013 656 3074 laticum
679 3014 855 3093 frugumque
878 3013 999 3093 cupido:

108 3119 175 3168 1070
195 3122 231 3163 ex
252 3101 381 3162 hominis
404 3120 473 3163 vero
496 3102 570 3163 facie
594 3102 777 3181 pulchroque
801 3102 899 3162 colore

193 3189 237 3251 nil
259 3189 400 3251 daturin
422 3209 529 3269 corpus
552 3197 670 3270 praeter
692 3189 849 3252 simulacra
871 3190 1029 3251 fruendum
1060 3211 1112 3255 roos

193 3281 303 3360 tenvia3
327 3296 401 3357 quae
424 3296 513 3339 vanos
537 3297 604 3358 spes
627 3286 723 3358 raptat
746 3296 833 3358 saepe
855 3278 978 3340 misella.

194 3373 227 3427 ut
249 3365 351 3426 bibere
374 3369 406 3427 in
429 3369 540 3427 somnis
564 3369 669 3428 sitiens
692 3385 782 3445 quom
805 3370 933 3448 quaerit,
957 3374 987 3428 et
1008 3384 1094 3427 umor

101 3470 179 3520 1090
191 3473 252 3515 000
275 3455 373 3535 datur,
397 3455 532 3515 ardorem
556 3457 608 3534 qui
630 3455 771 3516 membris
795 3458 945 3534 stinguere
968 3457 1076 3536 possit,

107 3558 174 3608 1075
194 3543 247 3603 scd
269 3542 391 3603 laticum
413 3543 569 3604 simulacra
591 3546 666 3622 petit
688 3543 856 3623 frustraque
879 3543 993 3604 laborat

193 3633 225 3693 in
247 3631 404 3711 medioque
427 3633 477 3692 siti
499 3638 629 3692 torretur
651 3631 772 3692 flumine
794 3640 913 3712 potans,
1060 3653 1113 3695 noo
