2438 3998
101 213 218 270 XXVIII
465 211 749 270 PROLEGOMENA.

102 361 176 422 mibi
202 360 392 421 iudicandum
419 359 536 420 videtur
563 361 599 420 de
626 363 728 439 priore
755 360 1022 440 argumentatione,
1055 377 1115 438 qua

102 449 231 510 Helenae
254 455 371 527 raptum
393 447 563 526 bellumque
582 447 742 508 Troianum
764 465 825 508 non
846 465 902 526 per
924 465 956 507 se
976 464 1043 508 esse
1061 446 1114 507 de-

103 542 297 616 monstratur,
320 531 536 597 1458-464.
579 553 667 614 quam
694 537 758 596 sine
785 534 875 596 dubio
898 535 997 596 delere
1021 533 1117 595 voluit

103 632 206 705 poeta,
233 631 391 704 postquam
418 623 455 684 de
485 623 587 684 eadem
616 641 649 683 re
677 630 707 684 et
734 622 873 684 subtilius
896 630 926 684 et
948 622 1116 701 elegantius

104 714 179 773 dixit
201 715 245 772 eis
268 711 404 772 versibus
428 713 480 791 qui
503 718 676 789 sequuntur.
721 729 789 771 uam
811 720 845 772 ot
867 718 949 772 recte
972 710 1116 772 Stueren-

103 800 236 880 burgius,
259 799 296 860 de
320 817 409 860 carm.
432 798 549 861 Lucret.
573 799 590 859 l.
609 799 630 858 l.
654 800 807 879 disputans
831 801 863 859 iu
885 806 940 860 act.
962 817 1022 860 soc.
1040 798 1116 878 phil.

104 888 183 967 Lips.
203 887 229 948 Il
246 906 274 966 p.
290 884 355 949 392
366 906 438 968 sqq,
458 886 568 967 aliquid
590 889 736 948 Interesse
755 887 841 948 docet
859 889 937 948 inter
954 889 1116 966 utriusque

104 976 162 1036 loci
185 982 405 1056 argumentum,
429 978 470 1036 ita
492 982 564 1054 puto
586 974 715 1054 Epicuro
737 993 792 1055 pro
816 981 904 1055 captu
927 978 1000 1055 eius,
1024 993 1117 1054 quem

104 1066 252 1145 novimus,
279 1082 340 1125 nou
367 1070 482 1124 tantum
508 1065 640 1142 potuisse
669 1065 814 1123 interesse
841 1063 936 1124 videri
958 1065 1038 1123 inter
1059 1062 1117 1123 has

105 1152 177 1213 duas
200 1154 480 1231 argumentationes,
503 1158 537 1211 ut
558 1158 713 1230 utramque
737 1150 906 1232 explicaret,
929 1150 981 1211 sed
1002 1149 1116 1211 Lucre·

104 1243 179 1301 tium
197 1239 245 1300 bis
263 1238 429 1318 periculum
448 1239 555 1299 fecisse
574 1239 707 1299 eiusdem
724 1241 770 1299 rei
784 1238 980 1318 explicandae.
1013 1240 1116 1317 itaque

104 1322 674 1406 11458-4641111111465-416
689 1325 799 1387 colloco
814 1327 867 1388 sed
881 1326 1009 1387 secludo.
1033 1325 1117 1386 idem

105 1417 242 1476 existimo
265 1414 374 1474 lactum
398 1432 464 1475 esse
487 1416 519 1474 in
542 1416 586 1474 eis
604 1414 677 1474 locis
695 1417 748 1493 qui
766 1423 835 1476 sunt
852 1411 1116 1476 111101-1139

105 1511 135 1564 et
163 1498 404 1583 1142-1145,
436 1502 473 1563 de
501 1501 609 1581 quibus
636 1519 661 1561 v.
690 1503 771 1583 inlr,
804 1510 833 1563 et
864 1504 895 1563 in
921 1503 969 1562 bis
996 1501 1116 1563 duobus

105 1591 175 1652 libri
197 1593 280 1651 tertii
301 1590 384 1672 locis,
408 1593 459 1669 qui
482 1598 551 1651 suut
572 1587 747 1652 463-471
773 1599 803 1651 et
824 1586 1013 1671 lan-503,
1040 1608 1116 1669 quo-

105 1699 172 1741 rum
199 1679 290 1740 altero
319 1681 434 1740 animm
457 1685 491 1740 ut
513 1681 552 1739 sit
573 1677 707 1739 mortalis
723 1678 799 1748 *inde
823 1680 908 1756 sequi
930 1677 1118 1739 demonstrat

104 1775 201 1849 poeta,
224 1767 303 1847 quod
326 1770 460 1847 corporis
482 1767 654 1828 morborum
678 1767 821 1844 contagiis
844 1766 993 1846 turbetur,
1019 1764 1116 1827 altero

105 1856 185 1916 idem
212 1858 254 1915 ita
280 1855 379 1936 docet,
408 1862 443 1917 ut
464 1854 496 1915 id
518 1857 550 1915 in
573 1853 714 1916 comitiali
736 1853 840 1914 morbo
863 1855 929 1914 fieri
951 1853 1116 1916 videamus.

105 1941 186 2003 nullo
209 1944 289 2002 enim
307 1942 394 2002 modo
422 1943 543 2003 credere
566 1961 687 2021 possum
709 1949 835 2023 poetam,
858 1949 1014 2021 postquam
1036 1941 1117 2005 hanc

105 2032 195 2090 unius
218 2031 345 2107 insignis
366 2029 464 2089 morbi
487 2032 572 2108 quasi
593 2032 739 2109 picturam
761 2029 895 2111 absolvit,
921 2031 1010 2091 etiam
1032 2030 1117 2092 hunc

105 2119 236 2197 priorem
259 2115 356 2176 locum
374 2115 467 2176 multo
485 2119 584 2176 minus
603 2117 785 2178 elaboratum
803 2117 862 2196 legi
879 2117 1017 2179 voluisse.
1053 2121 1116 2180 iam

105 2205 195 2265 buius
218 2203 277 2264 loci
298 2212 505 2282 argumentum
529 2223 597 2264 cum
620 2224 656 2265 cx
677 2213 761 2285 parte
780 2212 860 2266 certe
878 2205 957 2267 idem
976 2207 1015 2266 sit
1034 2208 1116 2286 quod

105 2311 245 2354 versuum
263 2288 449 2372 590-604,
472 2293 672 2370 quaerendum
692 2293 809 2354 videtur
826 2295 979 2372 possintne
997 2293 1030 2354 hi
1047 2313 1116 2356 ver-

106 2400 171 2462 sus,
203 2399 277 2460 quos
307 2379 343 2440 ab
373 2398 408 2440 eo
438 2379 490 2441 ubi
517 2388 618 2441 extant
646 2383 679 2442 in
708 2381 792 2442 libris
819 2381 884 2442 loco
911 2381 1023 2443 alienos
1046 2400 1116 2443 esse

105 2469 206 2548 plures
235 2472 293 2528 iam
324 2470 379 2528 riri
405 2467 486 2529 docti
511 2469 661 2550 viderunt,
688 2472 730 2530 ita
752 2471 889 2550 retineri,
912 2477 945 2529 ut
967 2468 1058 2530 alium
1082 2473 1116 2531 iu

106 2557 203 2617 locum
244 2557 469 2617 transferantur.
530 2564 560 2617 et
595 2557 745 2618 transtulit
782 2556 929 2619 Christius
968 2557 1115 2637 probante

106 2643 330 2704 Bockemrillero
354 2651 384 2704 et
403 2644 590 2725 Susemihlio,
612 2644 712 2723 philol.
731 2644 834 2705 XXVII
847 2641 900 2726 45,
922 2652 990 2724 post
1007 2664 1032 2705 v.
1047 2641 1114 2708 577

107 2725 186 2814 (579
208 2725 299 2814 Lm.);
323 2749 382 2792 uon
405 2750 528 2811 prorsus
550 2735 650 2811 inepte
673 2733 718 2793 illi
740 2733 872 2814 quidem,
895 2751 992 2811 neque
1014 2740 1117 2794 tamen

106 2821 178 2880 satis
200 2826 276 2900 apte,
299 2822 413 2898 opinor.
450 2822 548 2899 itaque
572 2838 625 2880 suo
648 2821 712 2880 loco
736 2827 869 2881 retentos
892 2820 1009 2881 seclusi.
1044 2838 1116 2900 per-

107 2925 227 2968 suasum
249 2906 344 2967 habeo
366 2914 493 2989 poetam,
517 2910 543 2968 si
562 2926 636 2986 opus
654 2910 799 2988 perlicere
817 2908 960 2989 licuisset,
983 2926 1034 2969 eos
1052 2926 1117 2970 non

106 2996 226 3074 quidem
254 2998 420 3056 eiecturum
443 2995 549 3075 luisse,
579 2996 630 3056 sed
653 3003 752 3057 tamen
774 3004 970 3077 mutaturum,
997 3014 1034 3057 ue
1056 2996 1116 3058 hoc

106 3085 185 3162 quod
208 3085 280 3144 dicit
301 3081 377 3163 (inis
399 3081 474 3144 dum
496 3081 577 3144 vitoe
598 3083 726 3145 certetur
744 3082 839 3161 iutro,
858 3086 967 3164 quippe
985 3084 1065 3163 quod
1083 3087 1116 3146 in

106 3170 171 3231 aliis
203 3189 320 3249 quoque
351 3171 653 3249 argumentationibus
683 3173 807 3254 valeret,
841 3174 1029 3233 retineretur.
1083 3175 1116 3235 in

106 3259 211 3319 eodem
237 3258 314 3318 libro
343 3277 396 3319 cur
418 3278 462 3319 vv.
483 3256 658 3322 lae-195
682 3259 864 3341 secluserim,
892 3261 968 3320 inlra
990 3259 1116 3322 videbis.

104 3348 181 3406 mire
211 3365 246 3407 ea
276 3365 351 3425 quae
381 3346 474 3407 semel
503 3347 628 3409 dicenda
657 3355 742 3409 erant
770 3348 818 3409 bis
849 3348 988 3409 dicuntur
1016 3351 1049 3410 in
1081 3367 1117 3409 ea

104 3433 175 3495 libri
197 3433 234 3492 lV
257 3443 349 3515 parte,
373 3454 448 3514 quae
471 3444 518 3496 est
541 3436 577 3496 de
596 3435 822 3497 simulacrorum
840 3439 872 3497 iu
891 3439 1014 3498 somniis
1033 3443 1117 3498 motu

106 3526 158 3602 qui
179 3522 306 3605 videtur,
329 3526 412 3584 etin
435 3543 478 3605 ea,
502 3542 575 3602 quae
600 3531 645 3584 est
668 3524 706 3584 de
727 3523 827 3585 lurore
848 3527 1017 3586 amantium.
1055 3527 1116 3586 sia
