2438 3998
102 226 165 291 me
521 208 524 215 “
586 223 624 278 u

100 381 155 433 905
170 373 226 434 hec
249 374 341 450 igitur
364 370 428 430 fieri
452 388 567 449 quoque
591 373 622 430 in
645 371 696 431 illo
719 371 799 432 fonte
822 371 1023 450 putandumst.
1069 395 1109 435 000

215 459 298 530 Quod
322 464 470 538 superest,
493 476 580 537 agere
602 461 742 538 incipiam
765 478 823 538 que
846 460 966 520 foedere
990 461 1043 521 fiat

100 565 153 616 900
171 557 305 627 naturae,
328 546 402 625 lapis
425 547 475 606 hic
497 554 530 607 ut
552 547 664 608 ferrum
687 547 795 608 ducere
818 551 925 629 possit,

171 654 259 715 quem
281 635 414 714 Magneta
437 642 541 695 vacant
562 638 674 714 patriae
699 636 735 695 de
758 640 876 698 nemine
900 637 982 720 Grai,

170 724 337 803 Magnetum
360 725 428 801 quia
452 725 490 782 sit
512 726 616 801 patriis
639 725 671 783 in
694 722 802 783 finibus
826 731 916 784 ortus.

100 821 155 872 910
171 814 249 873 hunc
271 812 405 872 homines
428 810 554 890 lapidem
576 814 734 872 mirantur:
758 814 866 890 quippe
889 820 1026 874 catenam
1071 839 1110 878 em

172 919 259 980 saepe
283 918 319 960 ex
342 898 445 959 anellis
469 899 566 960 reddit
588 899 784 978 pendentibus
808 918 844 960 ex
868 919 908 961 se.

101 1005 152 1056 900
172 992 301 1068 quinque
325 989 435 1048 etenim
458 986 527 1047 licet
549 987 698 1048 interdum
720 988 880 1067 pluresque
903 989 1004 1050 videre

172 1078 274 1138 ordine
298 1076 442 1136 demissos
465 1074 579 1135 levibus
601 1077 739 1136 iactarier
762 1079 854 1157 auris,

171 1184 248 1227 0οιιο
270 1164 322 1225 ubi
345 1182 380 1224 eu
404 1181 463 1223 une
486 1163 632 1242 dependet
655 1171 757 1244 supter
780 1164 956 1246 adhaerens,
987 1218 991 1226 .

100 1262 155 1314 915
172 1273 208 1314 ex
231 1253 347 1331 alioque
370 1251 444 1311 alius
467 1250 573 1329 lapidis
596 1254 655 1311 vim
678 1252 831 1331 vinclaque
855 1257 965 1314 noscit:
1071 1276 1110 1318 91⁶

172 1359 266 1419 usque
290 1340 362 1400 adeo
385 1347 592 1418 permananter
614 1343 658 1401 vis
681 1341 812 1420 pervalet
834 1344 906 1401 eius.

102 1446 153 1497 919
215 1429 278 1489 Ηο0
300 1446 393 1506 genus
416 1430 448 1487 in
470 1428 560 1488 rebus
583 1429 788 1490 firmandumst
805 1429 898 1489 multa
915 1433 1000 1508 prius
1021 1449 1109 1510 quam

173 1520 265 1596 ipsius
289 1518 334 1576 rei
356 1517 500 1576 rationem
522 1516 647 1577 reddere
669 1519 780 1598 possis,

174 1615 204 1666 et
226 1607 350 1665 nimium
372 1603 467 1682 longis
491 1604 661 1683 ambagibus
685 1613 731 1666 est
753 1605 932 1687 adeundum3

102 1702 230 1772 920qu0
253 1695 346 1771 magis
370 1699 495 1752 attentas
519 1696 599 1753 auris
623 1695 810 1772 animumque
834 1711 966 1774 reposce.
1071 1719 1110 1758 000

216 1781 365 1859 Principio
389 1780 525 1841 omuibus
549 1781 711 1862 ebrenus,
738 1801 937 1861 quascumque
960 1783 1109 1864 videmus,

103 1887 154 1937 910
173 1877 315 1949 perpetue
338 1868 430 1929 fluere
454 1887 487 1929 ac
509 1871 587 1929 mitti
610 1872 767 1949 spargique
791 1877 943 1931 necessest

174 1977 296 2037 corpora
320 1975 395 2036 quae
417 1956 524 2017 feriant
547 1956 647 2018 oculos
670 1961 825 2037 visumque
848 1958 1007 2019 lacessant:

174 2053 374 2126 perpetuoque
398 2044 494 2105 ssuuut
516 2047 606 2106 certis
629 2044 665 2106 ab
688 2046 778 2107 rebus
802 2046 920 2127 cderes3

104 2143 160 2193 925
174 2135 267 2212 frigus
290 2136 313 2194 it
336 2152 352 2193 a
375 2133 486 2213 fluviis,
509 2133 589 2194 calor
611 2134 647 2194 ab
671 2133 746 2216 sole,
769 2142 868 2195 aestus
892 2134 927 2194 ab
951 2135 1041 2196 undis
1071 2155 1112 2197 000

175 2224 323 2301 0000000,
347 2239 452 2281 exesor
475 2238 656 2303 moerorum,
679 2222 765 2283 litera
784 2225 909 2284 circum:

104 2327 156 2377 999
174 2328 230 2371 000
251 2311 325 2369 varii
348 2316 465 2370 cessant
487 2312 602 2371 sonitus
625 2328 744 2370 manare
767 2328 821 2389 per
844 2328 944 2371 auras:

175 2399 302 2477 denique
325 2398 356 2456 in
380 2415 413 2457 00
436 2397 506 2458 salsi
528 2400 609 2459 venit
631 2416 717 2459 umor
740 2415 827 2477 saepe
851 2401 978 2478 saporis,

175 2504 243 2546 cum
263 2504 345 2546 mare
367 2504 520 2547 versamur
541 2493 675 2566 propter,
698 2486 848 2566 dilutaque
872 2493 974 2548 contra

104 2584 159 2635 939
176 2593 242 2636 cum
265 2577 376 2634 tuimur
398 2576 518 2634 misceri
541 2573 699 2655 absinthia,
722 2577 816 2653 tangit
839 2593 961 2635 amarer.
1073 2599 1112 2639 eu

174 2681 268 2742 usque
292 2662 364 2723 adee
388 2661 524 2722 omnibus
547 2661 582 2721 ab
601 2662 691 2722 rebus
710 2681 759 2723 res
778 2680 911 2742 quaeque
929 2662 1058 2724 lluenter
1073 2687 1112 2728 ese

105 2769 156 2817 925
175 2752 269 2812 fertur
292 2753 376 2811 etin
399 2757 520 2811 cunctas
543 2748 702 2810 dimittitur
723 2751 854 2830 undique
877 2753 983 2832 partis,
1072 2774 1112 2815 000

167 2857 222 2900 000
244 2856 327 2899 mora
349 2856 405 2898 nec
427 2840 546 2916 requies
569 2837 734 2899 interdatur
755 2838 815 2900 ulla
837 2839 961 2920 fluendi,

176 2936 319 3007 perpetuo
344 2928 481 3005 queniam
504 2928 648 2986 sentimus
672 2934 702 2986 09
725 2926 853 2987 omnibu'
876 2944 993 3006 semper

104 3023 159 3075 935
177 3034 299 3077 cernere
322 3015 439 3074 odorari
462 3013 533 3073 licet
554 3021 584 3074 et
607 3017 718 3076 sentire
742 3032 855 3076 sonare.
1074 3039 1113 3078 esa

220 3103 305 3164 Nunc
328 3104 423 3162 omnis
445 3108 577 3179 repetam
595 3121 683 3181 quam
701 3122 768 3164 raro
787 3120 909 3183 corpure
929 3104 989 3163 sint
1007 3120 1058 3164 res
1073 3127 1113 3166 000

105 3209 158 3259 990
177 3205 420 3270 commemoram3
444 3189 521 3268 quod
545 3192 575 3250 in
598 3193 694 3270 primo
717 3210 834 3270 quoqne
857 3194 986 3252 carmine
1011 3191 1111 3254 claret

177 3282 285 3358 quippe
309 3280 427 3358 etenim,
451 3296 627 3358 quamquam
650 3279 756 3340 multas
778 3280 835 3340 hec
856 3281 987 3359 pertinet
1007 3279 1044 3340 ad
1064 3300 1114 3342 res

176 3384 313 3448 noscere,
335 3383 403 3425 cum
425 3369 531 3444 primis
553 3368 629 3427 hanc
651 3367 687 3427 ad
710 3384 774 3427 rem
796 3370 932 3447 protinus
955 3371 1067 3450 ipsam,

106 3465 163 3517 949
179 3474 236 3535 qua
259 3455 295 3515 de
319 3454 465 3515 disserere
489 3455 657 3536 adgredior,
680 3456 797 3517 firmare
820 3465 971 3517 necessest
1076 3482 1115 3523 940

179 3545 221 3605 nil
244 3561 310 3604 esse
333 3544 364 3603 in
386 3551 525 3623 promptu
546 3545 605 3603 nisi
628 3546 751 3604 mixtum
775 3562 881 3623 corpus
904 3547 994 3605 inani.
