2438 3998
106 225 222 290 '160
554 270 557 276 -
643 220 670 275 V

246 389 313 432 cum
335 377 432 431 metus
455 376 506 430 aut
523 369 607 430 dolor
626 377 671 430 est
690 377 719 429 et
737 387 804 430 cum
822 371 881 429 iam
899 369 1004 447 gaudia
1023 368 1166 448 gliscunt

157 467 232 520 1060
246 461 355 538 quippe
379 460 488 518 etenim
510 456 632 518 licelid
656 457 745 518 rebus
769 475 947 536 cognoscere
970 460 1091 536 apertis.

159 564 227 615 1010
246 549 363 607 inritata
386 564 491 608 canum
515 565 582 607 cum
604 549 734 625 primum
756 564 860 623 magna
882 544 1043 607 Molossum

245 634 343 697 mollia
366 637 440 695 ricta
463 635 593 696 fremunt
615 634 705 695 duros
728 634 868 695 nudantia
891 634 1007 714 dentes,

246 723 332 802 longe
355 722 411 783 alio
435 725 534 783 sonitu
556 721 638 783 rabie
660 725 796 783 restricta
820 725 981 803 minantur,
1114 746 1168 786 toas

246 820 276 872 et
298 829 365 872 cum
389 814 447 871 iam
469 811 577 871 latrant
599 817 629 871 et
650 810 772 871 vocibus
795 813 894 871 omnia
916 810 1078 890 complent:

158 910 230 959 1065
245 908 275 961 et
298 898 408 960 catulos
431 899 537 960 blande
561 916 628 958 cum
650 899 750 977 lingua
772 898 901 960 lambere
923 906 1083 980 temptant,

160 996 298 1055 10011111
319 988 371 1049 ubi
394 1005 445 1048 eos
468 990 576 1048 iactant
598 987 723 1066 pedibus
746 1005 906 1066 morsuque
928 995 1066 1065 petentes

247 1078 399 1156 suspensis
421 1094 507 1136 veros
529 1076 682 1136 imitantur
704 1075 841 1135 dentibus
864 1075 999 1156 haustus,

246 1166 332 1244 longo
356 1164 412 1225 alio
435 1171 520 1242 pacto
543 1165 664 1241 gannitu
687 1166 766 1224 vocis
789 1163 920 1244 adulant,
1115 1189 1169 1229 1070

248 1262 367 1314 etcum
390 1252 501 1312 deserti
523 1250 688 1312 baubantur
710 1255 742 1312 in
765 1250 900 1333 aedibus,
923 1259 973 1312 aut
996 1271 1065 1313 cum

159 1350 232 1400 1070
247 1341 390 1421 plorantis
413 1334 529 1417 lugiunt
552 1343 708 1400 summisso
732 1358 855 1418 corpore
878 1339 985 1419 plagas.

160 1445 229 1495 1000
248 1431 375 1507 denique
397 1446 456 1487 non
479 1427 612 1488 hinnitus
635 1430 704 1489 item
731 1427 850 1488 differre
874 1428 1002 1509 ridetur,

247 1521 325 1578 inter
348 1535 438 1594 equas
460 1514 513 1576 ubi
536 1535 628 1595 equus
652 1516 770 1576 florenti
792 1523 886 1576 aetate
909 1519 1052 1578 iuvencus

247 1606 396 1686 pinnigeri
418 1607 510 1665 saevit
532 1603 695 1665 calcaribus
718 1606 795 1665 ictus
818 1607 927 1664 amoris
1116 1631 1170 1672 1011

249 1701 279 1755 01
301 1695 451 1753 fremitum
473 1692 581 1771 patulis
604 1692 645 1752 ibi
668 1693 789 1753 naribus
812 1693 874 1753 edit
896 1693 932 1752 ad
955 1712 1050 1775 arma,

160 1789 233 1841 1075
249 1790 279 1844 et
300 1800 368 1843 cum
392 1784 434 1841 sic
457 1780 529 1841 alias
552 1784 705 1841 concussis
729 1779 841 1841 artibus
864 1778 981 1842 hinnit?

161 1886 230 1937 1000
248 1878 397 1950 postremo
420 1887 513 1948 genus
535 1867 657 1930 alituum
679 1872 834 1948 variaeque
857 1869 1004 1951 volucres,

248 1961 403 2037 accipitres
425 1966 512 2036 atque
536 1958 694 2036 ossifragae
718 1959 869 2036 mergique
892 1960 1015 2018 marinis

248 2045 387 2108 fluctibus
409 2048 441 2105 in
464 2045 540 2105 salso
563 2048 673 2106 victum
695 2048 842 2124 vitamque
864 2053 1012 2127 petentes,
1116 2072 1169 2113 roso

249 2135 334 2213 longe
357 2133 429 2194 alias
452 2133 508 2194 alio
531 2136 643 2195 iaciunt
665 2136 850 2213 intempore
873 2152 973 2214 voces,

161 2232 235 2283 1080
249 2231 279 2285 et
301 2241 390 2303 quom
413 2222 449 2282 de
472 2224 551 2282 victu
574 2229 687 2282 certant
709 2223 875 2301 praedaque
898 2231 1077 2302 repugnant:

162 2329 231 2378 1010
250 2319 279 2372 et
301 2313 408 2391 partim
431 2316 545 2370 mutant
568 2329 635 2370 cum
657 2311 880 2389 tempestatibus
903 2329 962 2372 una

249 2402 420 2460 raucisonos
443 2405 560 2478 cantus,
583 2400 735 2458 cornicum
756 2406 790 2459 ut
812 2398 908 2459 saecla
930 2407 1044 2460 vetusta

250 2504 463 2565 corvorumque
481 2503 586 2564 greges
604 2485 656 2546 ubi
674 2504 779 2565 aquam
796 2486 935 2548 dicuntur
948 2495 978 2548 et
992 2487 1099 2549 imbris
1116 2514 1169 2555 1111

249 2594 372 2655 poscere
396 2582 426 2634 at
448 2574 595 2634 interdum
619 2582 722 2634 ventos
745 2593 889 2654 aurasque
913 2594 1026 2637 vocare.

163 2671 236 2722 1085
250 2682 320 2742 ergo
344 2666 370 2724 si
392 2664 466 2722 11111
488 2679 592 2722 sensus
616 2661 751 2722 animalia
774 2672 894 2744 cogunt,

163 2768 230 2819 1011
250 2760 331 2813 muta
353 2758 451 2811 tamen
474 2768 542 2810 oum
565 2752 637 2830 sint,
660 2752 754 2810 varias
778 2754 912 2812 emittere
934 2770 1034 2833 voces,

251 2847 358 2919 quanto
382 2837 514 2898 mortalis
537 2841 630 2917 magis
653 2847 808 2917 aequumst
830 2847 892 2900 tum
915 2843 1048 2919 potuisse

251 2925 403 2989 dissimilis
426 2926 481 2986 1111
504 2933 591 3004 atque
615 2926 670 2987 1111
692 2945 742 2988 res
764 2946 835 2989 voce
858 2926 973 2988 notarel
1115 2955 1169 2996 1000

294 3010 303 3099 d
316 3015 390 3076 lllud
413 3017 445 3074 in
467 3014 514 3075 his
536 3013 626 3075 rebus
649 3018 755 3077 tacitus
778 3035 815 3077 ne
839 3017 914 3077 forte
936 3019 1085 3099 requiras,

163 3103 361 3164 1090111111οη
384 3102 488 3163 detulit
510 3105 542 3163 in
564 3110 673 3164 terram
695 3103 870 3166 mortalibus
892 3106 991 3183 ignem
1063 3171 1065 3176 ,

164 3209 232 3258 1080
251 3194 401 3271 primitus,
424 3191 492 3251 inde
516 3193 611 3252 omnis
633 3192 816 3253 flammarum
839 3192 950 3253 diditur
972 3193 1073 3255 ardor:

250 3279 341 3341 multa
364 3279 497 3340 videmus
521 3282 601 3339 enim
624 3280 799 3342 caelestibus
821 3280 905 3342 inlita
927 3281 1053 3342 flammis

251 3368 377 3448 fulgere,
401 3386 468 3428 cum
490 3368 564 3428 caeli
586 3369 704 3429 donavit
725 3369 809 3448 plaga
832 3387 947 3448 vapore.

251 3465 282 3517 ct
304 3474 418 3517 ramosa
441 3463 540 3517 tamen
564 3476 631 3518 cum
653 3459 748 3518 ventis
771 3456 855 3536 pulsa
878 3458 1016 3520 vacillans

163 3553 236 3605 1095
251 3552 363 3606 aestuat
386 3548 417 3605 in
439 3563 537 3606 ramos
561 3544 735 3607 incumbens
758 3544 871 3607 arboris
895 3546 995 3628 arbor,
