2438 3998
157 249 220 313 112
641 245 681 300 IV

226 393 460 473 chordarumque
484 410 572 454 sonos
594 393 672 474 fieri,
696 391 848 473 dulcisque
872 392 1031 475 querellas,

226 483 298 544 tibia
322 501 395 562 quas
417 481 515 543 fundit
537 480 637 560 digitis
659 481 774 560 3313313
797 489 966 562 canentum,
1123 502 1164 544 333

227 579 258 631 31
279 588 372 649 genus
396 569 556 648 agricolum
578 569 636 630 1313
659 572 833 651 sentiscere,
857 589 945 648 quom
968 569 1028 629 Pan

156 661 316 739 sappinea
339 659 471 719 semiferi
494 660 598 738 capitis
620 657 763 718 velamina
787 676 928 736 quassans

157 763 214 815 586
227 765 304 807 unco
328 765 415 825 saepe
437 745 519 806 131333
543 745 669 806 calamos
691 749 840 825 percurrit
862 747 983 827 hiantis,

156 875 157 880 κ
228 835 325 896 fistula
348 834 513 895 silvestrem
536 851 573 894 ne
597 840 693 894 cesset
715 833 839 894 fundere
862 852 985 894 musam.

229 931 328 983 cetera
347 923 383 983 de
401 939 509 1001 genere
527 922 583 982 hoc
600 929 732 982 monstra
746 941 779 982 ac
792 929 928 1001 portenta
941 921 1108 1002 loquontur,
1124 944 1163 984 333

183 1039 184 1047 ¹
228 1029 266 1072 ne
289 1010 353 1071 1333
377 1010 493 1071 deserta
515 1010 551 1070 ab
574 1009 650 1070 divis
674 1028 790 1089 quoque
813 1011 889 1072 forte
911 1018 1052 1090 putentur

156 1116 211 1166 333
230 1098 292 1159 3313
314 1106 425 1159 tenere.
462 1097 528 1158 ideo
551 1100 661 1159 iactant
681 1098 822 1159 miracula
846 1099 944 1179 dictis,

158 1204 210 1255 591
229 1194 279 1248 331
302 1186 398 1266 311333
421 1189 534 1247 3311333
557 1185 613 1247 3113
636 1187 796 1268 ducuntur,
818 1194 851 1247 ut
874 1205 959 1247 omne

230 1275 391 1336 humanum
413 1292 506 1353 genus
528 1281 574 1334 est
596 1275 712 1335 avidum
734 1277 824 1335 nimis
841 1271 1075 1354 qauricularum.

274 1362 358 1434 Quod
381 1369 529 1442 superest,
551 1380 611 1423 non
634 1369 679 1423 331
700 1363 867 1423 mirandum
889 1382 946 1442 qua
969 1366 1096 1442 ratione,
1123 1385 1164 1426 333

230 1469 284 1531 333
306 1449 370 1510 1333
392 1468 466 1529 quae
489 1458 641 1529 nequeunt
663 1451 741 1511 oculi
762 1469 811 1511 res
834 1469 957 1512 cernere
980 1458 1109 1530 apertas,

155 1556 212 1606 v580
230 1538 303 1599 haec
325 1537 389 1598 1333
411 1556 465 1618 333
487 1557 574 1598 33333
596 1541 716 1599 3331331
737 1541 875 1618 aurisque
897 1539 1055 1619 lacessant,

160 1644 215 1696 333
231 1626 420 1705 conloquium
445 1633 478 1686 31
500 1626 608 1687 3133313
631 1627 744 1688 13311333
767 1646 883 1706 quoque
906 1646 993 1707 saepe
1016 1627 1162 1709 videmus3

230 1718 384 1796 nimirum,
407 1717 475 1794 quia
498 1733 553 1775 333
575 1734 629 1795 333
651 1716 726 1776 flexa
748 1716 891 1776 foramina
912 1734 1013 1776 rerum
1055 1779 1056 1782 ,

231 1802 387 1865 incolumis
408 1805 536 1864 transire
559 1810 669 1884 potest,
692 1803 847 1864 simulacra
870 1810 1020 1864 renuunt:
1124 1827 1165 1866 333

230 1892 461 1971 perscinduntur
484 1893 575 1972 enim,
598 1894 657 1952 3131
679 1899 759 1952 33313
781 1892 923 1952 foramina
945 1899 1075 1971 tranent,
1163 1962 1166 1967 ⁴

156 1978 327 2058 3833333113
351 1987 420 2040 3331
441 1982 522 2060 vitri,
546 1982 660 2058 species
684 1998 740 2059 qua
761 1978 884 2040 travolat
906 1982 1010 2040 omnis.

160 2084 216 2134 601
232 2062 407 2151 11333313333
429 2070 522 2147 333113
545 2070 576 2127 13
599 2074 718 2128 cunctas
742 2066 881 2128 dividitur
903 2087 971 2148 vox,

232 2175 268 2217 33
291 2154 357 2215 31113
380 2154 453 2216 31133
477 2157 615 2234 quoniam
638 2158 809 2235 gignuntur,
832 2154 963 2216 3131333

232 2243 361 2304 dissiluit
384 2243 475 2304 semel
497 2246 529 2303 in
551 2243 658 2304 multas
680 2250 793 2324 333313,
816 2246 901 2322 quasi
922 2245 999 2322 ignis
1123 2267 1165 2306 333

233 2350 320 2411 33333
343 2330 419 2391 33131
441 2330 565 2392 scintilla
589 2348 658 2392 suos
681 2349 713 2391 se
736 2349 875 2410 spargere
898 2333 929 2391 in
952 2334 1037 2410 ignis.

160 2435 213 2487 333
232 2438 302 2498 ergo
325 2418 477 2498 replentur
498 2418 563 2479 loca
584 2418 705 2479 vocibus
728 2418 826 2480 abdita
847 2426 926 2480 retro

161 2524 217 2575 333
231 2511 387 2586 omniaque
410 2507 456 2567 his
479 2509 592 2567 circum
614 2508 730 2567 fervunt
752 2510 909 2586 sonituque
933 2510 1055 2569 cientur.

231 2604 261 2657 31
283 2595 439 2656 simulacra
461 2596 517 2655 viis
540 2594 667 2655 derectis
691 2597 788 2656 omnia
809 2596 948 2677 tendunt,

231 2692 265 2746 nt
287 2691 357 2745 3331
377 2686 468 2744 missa
490 2682 595 2764 semel;
618 2691 796 2763 quapropter
818 2703 940 2745 cernere
963 2702 1049 2745 nemo
1123 2708 1165 2747 333

232 2779 332 2852 333313
354 2774 431 2832 13133
453 2773 531 2850 33113
554 2778 612 2852 est,
634 2779 664 2831 at
685 2789 772 2832 voces
795 2774 928 2852 accipere
951 2780 1041 2834 extra.
1059 2769 1070 2850 l

160 2878 213 2927 333
232 2868 373 2921 ettamen
387 2862 451 2938 1333
465 2875 581 2938 quoque
595 2859 676 2940 haec,
690 2859 759 2920 dum
770 2863 879 2921 transit
887 2859 984 2921 clausa
994 2859 1164 2942 3133333333,

160 2966 215 3016 611
232 2948 286 3009 333
311 2947 483 3027 optunditur
505 2954 592 3026 atque
615 2949 695 3008 auris
719 2949 840 3008 confusa
861 2956 1008 3029 penetrat,

233 3044 262 3098 et
285 3038 414 3096 sonitum
436 3036 535 3115 potius
558 3054 645 3114 quam
667 3035 756 3096 333133
779 3035 880 3097 audire
902 3037 1044 3098 videmur.

275 3123 346 3204 Nec,
368 3125 434 3201 quis
457 3125 601 3184 sentimus
623 3143 736 3205 sucum,
758 3123 857 3202 lingua
877 3131 964 3203 atque
981 3125 1109 3205 palatum
1124 3148 1165 3188 333

230 3211 397 3292 plusculum
419 3210 529 3272 habent
550 3214 582 3271 in
605 3230 637 3272 se
660 3214 782 3273 rationis
805 3210 871 3291 plus
895 3230 1045 3291 33333333.

155 3317 212 3367 ι333
230 3301 375 3380 principio
399 3318 502 3360 sucum
526 3302 669 3361 sentimus
693 3303 812 3380 inore,
835 3299 933 3360 cibum
955 3320 1021 3362 cum

159 3406 214 3458 616
230 3388 395 3449 mandendo
418 3390 624 3469 exprimimus,
647 3407 702 3450 ceu
723 3386 840 3468 plenam
863 3392 1014 3467 spongiam
1038 3392 1124 3468 aquai

231 3479 324 3557 siquis
347 3478 421 3537 13313
444 3495 534 3538 mann
555 3495 690 3556 premere
713 3494 748 3536 ac
771 3478 882 3537 siccare
906 3481 1010 3556 coepit.

230 3565 298 3626 inde
322 3565 399 3644 quod
423 3568 613 3646 exprimimus
636 3583 690 3644 per
713 3564 810 3626 caulas
833 3583 919 3626 omue
941 3565 1031 3645 palati
1124 3589 1166 3630 333
