2438 3998
591 265 617 320 V
1041 263 1104 327 133

152 429 207 471 nec
229 429 317 490 posse
340 411 496 472 incolumis
520 431 658 491 magnum
681 412 787 474 durare
810 431 864 492 per
886 430 1000 493 aevom,

104 504 106 511 ’
153 499 205 559 sed
228 500 386 560 simulacra
409 499 504 560 solere
527 502 559 560 in
582 502 692 561 somnis
715 500 816 561 fallere
839 508 981 582 mentem,

153 605 275 648 cernere
300 606 367 648 cum
390 588 542 649 videamur
564 606 631 648 eum
656 607 743 667 quem
767 591 824 649 vita
847 588 980 670 reliquit,

154 675 232 754 quod
255 682 403 756 superest,
427 695 505 737 nuno
527 677 585 737 huc
608 678 731 737 rationis
754 675 859 737 detulit
881 678 967 758 ordo,

100 779 135 829 65
154 772 187 824 ut
208 765 282 823 mihi
304 763 422 824 mortali
445 766 607 826 consistere
630 783 754 844 corpore
778 765 920 825 mundum

154 855 339 931 nativomque
364 852 452 912 simul
474 855 549 913 ratio
572 853 724 915 reddunda
747 855 786 912 sit
808 871 887 934 esse,

155 948 185 1001 et
207 940 315 1019 quibus
337 939 386 1000 ille
409 941 505 1001 modis
528 959 704 1019 congressus
727 943 861 1001 materiai

154 1029 285 1090 fundarit
306 1036 417 1089 terram
439 1028 552 1090 caelum
575 1047 655 1090 mare
678 1029 775 1090 sidera
798 1029 891 1088 solem

155 1117 292 1196 lunaique
316 1116 447 1198 globum3
471 1125 533 1178 turn
557 1136 631 1196 quae
653 1117 759 1178 tellure
784 1120 947 1177 animantes

101 1222 135 1272 70
155 1207 320 1285 extiterint,
344 1213 373 1265 et
396 1224 470 1284 quae
493 1206 574 1266 nullo
599 1209 659 1267 sint
680 1213 812 1284 tempore
836 1212 933 1284 natae3

155 1311 248 1372 quove
271 1294 359 1353 modo
381 1311 475 1372 genus
497 1294 657 1355 humanum
680 1296 810 1354 variante
833 1292 960 1371 loquella

155 1385 286 1461 coeperit
307 1385 387 1442 inter
410 1400 442 1443 se
465 1386 545 1443 vesci
566 1401 621 1461 per
643 1385 762 1443 nomina
783 1400 896 1462 rerum;

155 1476 185 1530 et
208 1469 315 1549 quihus
333 1469 383 1530 ille
407 1471 501 1531 modis
525 1471 622 1530 divom
645 1478 741 1531 metus
763 1472 922 1530 insinuarit

74 1616 81 1631 ,
154 1565 287 1638 pectora,
310 1566 457 1618 terrarum
480 1561 584 1638 quiin
607 1557 673 1618 orbi
694 1566 793 1618 sancta
816 1566 916 1619 tuetur

103 1648 222 1711 totana
244 1646 325 1707 lacus
347 1645 430 1707 lucos
452 1664 518 1707 aras
542 1645 755 1724 simulacraque
778 1646 883 1706 divom.

155 1742 308 1814 praeterea
331 1733 401 1794 solis
424 1752 529 1794 cursus
552 1733 696 1813 lunaeque
719 1741 832 1794 meatus

156 1824 309 1904 expediam
333 1841 389 1901 qua
412 1825 440 1882 ri
462 1822 561 1883 flectat
583 1829 687 1883 natura
709 1822 889 1902 gubernaus3

156 1930 194 1972 ne
217 1912 292 1972 forte
314 1911 386 1971 haec
409 1910 625 1971 inter'caelum
645 1917 813 1989 terramque
837 1928 954 1970 reamur

156 1999 248 2059 libera
271 2007 374 2078 sponte
398 2017 452 2059 sua
474 2017 579 2060 cursus
602 1999 726 2059 lustrare
749 2001 901 2077 perennis,

103 2103 137 2155 80
156 2091 303 2166 morigera
325 2087 361 2148 ad
384 2088 484 2166 fruges
507 2087 655 2165 augendas
678 2094 764 2166 atque
787 2088 955 2167 animantis,

156 2194 229 2237 nere
252 2174 349 2254 aliqua
372 2175 469 2234 divom
492 2175 568 2235 volvi
589 2177 702 2235 ratione
725 2181 870 2254 putemus.

157 2282 224 2324 nam
247 2262 321 2324 bene
346 2265 397 2342 qui
419 2263 549 2324 didicere
572 2264 643 2324 deos
666 2281 803 2324 securum
826 2281 913 2341 agere
936 2281 1050 2344 aevom,

157 2355 184 2412 si
206 2359 304 2412 tamen
326 2353 440 2412 interea
461 2355 608 2413 mirantur
630 2370 687 2431 qua
709 2353 821 2412 ratione

158 2458 290 2518 quaeque
313 2442 377 2518 geri
398 2443 527 2521 possint,
549 2442 724 2519 praesertim
747 2439 836 2499 rebus
858 2441 890 2499 in
912 2438 971 2500 illis
995 2474 997 2479 ·

103 2545 139 2594 85
157 2547 231 2607 quae
255 2547 361 2607 supera
384 2536 471 2607 caput
493 2528 632 2589 aetheriis
655 2535 817 2589 cernuntur
839 2528 870 2588 in
894 2530 967 2608 oris,

156 2635 260 2677 rursus
283 2619 315 2677 in
338 2619 472 2696 antiquas
494 2617 664 2677 reseruntur
686 2615 856 2695 religiones,

157 2712 188 2765 et
210 2705 344 2765 dominos
367 2707 443 2765 acris
466 2704 646 2783 adsciscunt,
670 2707 766 2764 omnia
788 2721 876 2782 posse

158 2811 231 2871 quos
255 2795 356 2853 miseri
379 2792 515 2872 credunt,
538 2794 634 2871 ignari
657 2793 727 2870 quid
751 2799 838 2870 queat
861 2809 940 2870 esse,

157 2881 228 2960 quid
251 2889 390 2961 nequeat,
413 2881 495 2940 finita
518 2887 648 2959 potestas
671 2879 797 2958 denique
822 2881 928 2957 cuique

103 2985 138 3035 90
158 2988 283 3048 quanam
306 2971 346 3030 sit
367 2971 481 3029 ratione
504 2975 591 3047 atque
614 2967 671 3028 alte
694 2970 838 3027 terminus
860 2968 994 3027 haerens.

201 3057 284 3129 Quod
308 3064 456 3137 superest,
479 3075 516 3117 ne
538 3064 568 3117 te
591 3058 622 3117 in
644 3058 799 3135 promissis
821 3055 907 3136 plura
929 3073 1091 3137 moremur,

155 3148 302 3224 principio
325 3148 416 3206 maria
440 3164 474 3206 ac
495 3152 590 3205 terras
613 3144 784 3224 caelumque
807 3152 905 3225 tuere;

157 3252 282 3312 quorum
305 3243 439 3294 naturam
462 3233 623 3314 triplicem,
645 3236 702 3294 tria
725 3250 861 3313 corpora,
883 3231 1014 3312 Memmi,

156 3325 210 3382 tris
234 3324 349 3403 species
372 3330 432 3382 tam
455 3321 620 3400 dissimilis,
642 3323 699 3382 tria
721 3320 790 3381 talia
812 3327 904 3401 texta,

101 3429 136 3477 95
156 3430 213 3471 una
236 3411 301 3472 dies
324 3410 404 3471 dabit
426 3412 529 3490 exitio,
552 3409 718 3487 multosque
741 3427 795 3489 per
818 3427 910 3469 annos

156 3506 317 3560 sustentata
340 3506 408 3560 ruet
429 3497 522 3558 moles
546 3504 575 3557 et
597 3498 731 3557 machina
753 3498 864 3558 mundi.

154 3605 210 3647 nec
233 3605 280 3646 me
304 3588 394 3647 animi
417 3586 492 3646 fallit
514 3603 605 3667 quam
624 3603 678 3647 res
697 3604 780 3647 noua
798 3587 944 3659 niuaope
962 3581 1071 3636 meum
