2438 3998
156 237 200 301 44
643 236 670 290 11

171 429 183 457 ,¹
229 403 295 446 1551
318 402 414 462 neque
438 386 558 445 omnino
580 383 665 445 flexis
688 385 879 446 mucronibus
903 403 991 467 unca,

229 472 281 534 sed
303 475 398 551 magis
420 472 543 552 angellis
564 472 685 553 paulum
707 473 923 555 prostantibus,
945 476 1031 552 utqui

228 560 348 622 titillare
370 563 464 640 magis
488 579 593 622 sensus
617 579 705 641 quam
727 561 843 623 laedere
866 564 995 644 possint3

159 657 211 706 430
231 647 325 710 fecula
346 651 406 710 iam
429 667 486 729 quo
510 649 547 710 de
570 657 708 730 generest
729 649 886 730 inulaeque
909 668 1038 730 sapores.

230 737 358 816 denique
381 739 440 801 iam
462 737 572 799 calidos
595 741 672 817 ignis
695 737 880 818 gelidamque
903 741 1039 818 pruinam

231 825 369 887 dissimili
391 826 508 888 dentata
530 826 618 888 modo
641 845 828 906 conpungere
853 845 958 888 sensus

231 917 363 995 corporis
386 915 495 977 indicio
518 915 605 976 nobis
628 922 674 976 cst
694 923 790 977 taotus
812 923 947 994 uterque.

231 1010 328 1064 tactus
351 1005 444 1084 enim,
466 1011 575 1085 tactus,
597 1021 666 1084 pro,
689 1003 788 1065 divum
805 1007 928 1064 numina
951 1011 1065 1084 sancta,

161 1100 212 1149 155
232 1094 365 1171 corporis
388 1100 434 1152 151
456 1109 575 1173 sensus,
598 1091 644 1153 vel
667 1110 734 1154 cum
757 1111 806 1154 res
828 1099 930 1153 extera
953 1110 1018 1153 5151

231 1183 374 1261 insinuat,
396 1177 443 1240 vel
466 1199 533 1241 cum
556 1179 646 1241 laedit
668 1200 743 1260 quae
766 1184 798 1241 in
821 1199 945 1260 corpore
968 1188 1065 1241 natast

232 1276 283 1329 aut
304 1271 384 1328 iuvat
406 1268 562 1347 egrediens
584 1269 720 1347 genitalis
743 1269 941 1349 perveneris
964 1288 1028 1349 res,

232 1364 283 1417 aut
306 1374 342 1416 ex
365 1356 479 1416 ollensu
502 1375 570 1417 cum
592 1356 713 1418 turbant
735 1376 859 1437 corpore
882 1360 913 1418 in
936 1359 1001 1436 ipso

233 1446 345 1504 semina
368 1443 608 1524 coniundumque
630 1448 709 1506 inter
732 1464 764 1506 se
787 1448 902 1507 concita
925 1463 1059 1527 sensum3

163 1541 267 1594 440111
290 1533 414 1594 5115115
436 1551 526 1595 manu
548 1536 682 1612 quamvis
704 1536 763 1595 iam
788 1537 922 1614 corporis
945 1536 1009 1614 ipsc

234 1628 296 1683 tute
319 1621 375 1682 tibi
396 1629 512 1701 partem
534 1623 624 1683 lorias
647 1629 733 1702 atque
757 1625 919 1702 experiare.

234 1717 414 1791 quapropter
435 1709 522 1789 longe
544 1711 654 1772 formas
678 1711 787 1772 distare
809 1719 962 1772 necessest

235 1801 403 1880 principiis,
428 1802 526 1860 varios
549 1817 623 1878 quac
646 1802 762 1879 possint
784 1800 872 1860 edere
896 1817 1010 1860 sensns.

279 1887 411 1966 Denique
435 1906 510 1966 quae
532 1887 619 1948 nohis
642 1889 745 1949 durata
768 1907 802 1948 ac
826 1891 920 1967 spissa
942 1888 1093 1968 videntur,

164 1976 308 2036 41511155
331 1977 425 2054 magis
447 1975 572 2037 hamatis
595 1978 673 2042 inter
696 1994 761 2037 sese
785 1994 850 2037 csse
873 1984 1026 2037 necessest

236 2071 267 2124 51
289 2066 374 2142 quasi
396 2066 521 2124 ramosis
544 2062 601 2125 alte
624 2071 776 2144 compacta
797 2067 901 2125 teneri.

236 2153 349 2230 inquo
372 2153 431 2211 iam
453 2169 561 2230 genere
585 2154 743 2233 inprimis
766 2153 951 2213 adamantina
975 2171 1043 2212 saxa

236 2241 332 2319 prima
355 2242 417 2300 acie
441 2245 577 2300 constant
599 2242 677 2302 ictus
700 2248 889 2302 contemnere
913 2248 996 2301 sucta

237 2336 267 2390 et
288 2328 378 2389 validi
400 2327 499 2389 silices
522 2347 556 2389 ac
579 2329 647 2389 duri
669 2329 776 2390 robora
799 2330 872 2389 ferri

167 2423 218 2474 450
238 2435 363 2496 aeraque
386 2435 461 2496 quae
484 2415 622 2477 claustris
645 2420 785 2478 restantia
807 2418 1012 2478 vociferantur.

237 2505 287 2566 illa
310 2505 431 2585 quidem
453 2504 562 2566 dehent
584 2524 600 2566 1
624 2505 738 2566 levibus
761 2513 849 2584 atque
872 2505 1009 2566 rutundis

238 2612 304 2655 5551
327 2596 433 2675 magis,
456 2594 564 2655 lluvido
588 2612 663 2673 quae
687 2612 811 2673 corporo
833 2594 945 2672 liquida
968 2599 1111 2653 constant.

237 2701 364 2763 namquo
373 2685 527 2762 papaveris
535 2683 660 2744 haustus
669 2685 769 2744 itemst
776 2681 869 2742 facilis
877 2684 962 2761 quasi
970 2699 1121 2762 aquarum,
1134 2694 1174 2734 151

168 2779 221 2828 455
238 2779 268 2832 et
289 2771 444 2850 perculsus
466 2773 538 2831 item
560 2770 689 2850 proclivo
712 2769 849 2832 volubilis
872 2777 979 2850 exstat3
1135 2782 1175 2823 155

167 2869 219 2917 455
238 2877 294 2920 nec
316 2862 484 2920 retinentur
504 2861 583 2919 enim
602 2862 681 2920 inter
699 2878 731 2920 sc
750 2857 960 2938 glomeramina
978 2876 1120 2936 quaeque.
1135 2871 1176 2911 4⁵4

240 2947 292 3008 sed
316 2947 393 3027 quod
417 2966 515 3008 amara
536 2948 618 3008 vides
637 2947 739 3008 eadam
758 2965 832 3026 quae
851 2947 959 3007 fluvida
978 2954 1176 3029 constantes*

170 3035 330 3097 4655111151
352 3036 396 3095 uti
419 3038 510 3096 maris
533 3044 591 3116 151,
614 3038 736 3096 minimo
759 3035 893 3095 mirabile
917 3034 1004 3095 dehet
1136 3048 1176 3088 155

239 3231 306 3272 nam
331 3212 409 3290 quod
432 3211 559 3272 fluvidus
583 3220 641 3292 est,
665 3231 681 3273 c
704 3211 818 3272 levibns
841 3219 928 3291 atque
952 3211 1089 3272 rutundis

240 3307 307 3382 551,1
320 3302 350 3362 11
369 3296 514 3378 squalida
539 3300 630 3360 multa
654 3307 755 3361 creant
777 3300 906 3360 admixta
928 3299 1039 3359 doloris

170 3399 372 3469 concorpora.
407 3406 463 3449 nec
485 3394 584 3448 tamen
605 3388 678 3448 haec
701 3391 826 3449 retineri
842 3388 959 3462 hamata
976 3397 1176 3449 necessumst:

241 3477 354 3538 scilicet
377 3495 443 3538 essc
466 3475 585 3555 globosa
607 3484 720 3559 tamen,
742 3495 811 3538 cum
834 3476 966 3556 squalida
988 3484 1137 3558 constent,

170 3575 224 3625 470
240 3566 372 3647 provolvi
396 3566 484 3627 simul
507 3573 540 3626 ut
562 3568 677 3646 possint
699 3573 729 3626 51
752 3565 868 3626 laedere
892 3582 1007 3626 sensus,
1137 3581 1178 3620 4⁷⁰
