2438 3998
102 227 166 292 172
374 256 380 273 s
581 229 621 284 VI

152 375 291 436 veridicis
314 377 405 455 igitur
426 379 562 456 purgarit
583 383 703 456 pectora
726 377 813 439 dictis

100 479 135 529 ro
154 471 185 524 ct
206 465 295 524 tinem
318 465 420 524 statuit
442 464 617 544 cuppedinis
639 471 727 544 atque
750 465 879 544 timoris,

154 553 348 631 exposuitque
370 550 481 612 bonum
505 571 665 633 summum,
688 571 747 632 quo
769 553 917 614 tendimus
941 568 1063 633 omnes,

102 694 106 701 .
153 638 225 718 quid
247 639 337 721 foret,
359 647 447 719 atque
469 642 547 701 riam
569 643 755 722 monstravit,
777 642 894 702 tramite
917 656 1009 718 parvo

154 745 211 806 qua
232 745 388 807 possemus
411 728 447 789 ad
470 729 500 790 id
523 736 605 789 recto
628 729 807 790 contendere
830 747 933 807 cursu,

153 816 260 894 quidve
282 815 352 876 mali
374 817 451 878 foret
472 819 504 877 in
526 816 616 877 rebus
638 816 804 877 mortalihu'
826 819 949 896 passim,

101 919 135 970 3⁰
154 903 233 983 quod
256 904 342 966 fieret
363 904 489 966 naturali
510 907 648 985 varieque
671 904 783 966 volaret

154 1009 208 1053 seu
230 1010 301 1053 casu
324 1011 378 1054 seu
399 995 442 1074 ri,
464 993 543 1073 quod
565 995 610 1055 sic
632 999 740 1055 natura
758 999 904 1073 parasset,

153 1087 184 1140 et
207 1079 313 1159 quibus
337 1099 354 1141 e
376 1083 470 1160 portis
494 1083 610 1142 occumi
633 1083 739 1160 cuique
763 1080 895 1165 deceret,
927 1156 930 1161 Ι

153 1175 185 1228 ct
206 1165 301 1248 genus'
321 1168 482 1230 humanum
504 1169 614 1231 frustra
635 1168 810 1249 plerumque
831 1168 967 1247 probavit

153 1255 270 1317 volvere
292 1275 429 1318 curarum
452 1259 548 1318 tristis
570 1259 602 1317 in
623 1264 743 1336 pectore
766 1257 881 1318 ssuctus.

100 1360 135 1410 ⁸5
153 1363 222 1405 nam
245 1343 336 1405 veluti
357 1347 444 1423 pueri
465 1346 614 1424 trepidant
637 1352 724 1424 atque
747 1348 845 1406 omnia
867 1347 963 1405 caecis

154 1435 186 1492 in
208 1431 339 1493 tenebris
361 1440 509 1514 metuunt,
533 1436 577 1495 sic
599 1451 654 1493 nos
676 1435 709 1493 in
730 1431 796 1494 lucc
819 1435 958 1494 timemus

154 1519 316 1601 interdum,
339 1520 400 1580 nilo
423 1540 497 1601 quae
521 1528 590 1583 sunt
611 1520 769 1582 metuenda
791 1523 883 1600 magis
907 1539 995 1599 quam

155 1625 230 1688 quae
252 1610 339 1687 pueri
360 1611 392 1670 in
414 1609 546 1670 tenebris
568 1612 699 1690 pavitant
722 1611 893 1688 finguntque
917 1610 1027 1670 futura.

154 1695 234 1757 huuc
255 1698 515 1776 igiturterrorem
537 1700 628 1758 anirni
649 1697 845 1777 tenebrasque
867 1706 1023 1758 necessest

102 1801 137 1849 40
155 1803 216 1845 non
237 1785 314 1845 radii
337 1784 408 1846 solis
430 1803 487 1847 nec
507 1785 605 1846 lucida
627 1786 685 1846 tela
707 1786 767 1847 diei

155 1873 327 1955 discutiant,
350 1874 402 1936 sed
425 1882 546 1936 naturae
570 1876 684 1953 species
707 1875 850 1952 ratioque.

156 1979 214 2041 quo
236 1963 330 2040 magis
351 1963 503 2042 inceptum
525 1980 645 2042 pergam
666 1969 822 2040 pertexere
844 1961 939 2022 dictis.

198 2047 236 2110 Et
258 2050 397 2128 quoniam
419 2050 507 2112 docui
529 2050 632 2111 mundi
653 2049 788 2110 mortalia
810 2049 919 2128 templa

155 2154 222 2198 esse
244 2138 275 2199 ct
293 2140 391 2198 nativo
414 2141 577 2199 consistere
599 2156 724 2217 corpore
747 2137 873 2218 caelum,
954 2187 956 2192 .

102 2242 137 2289 45
156 2231 186 2285 et
208 2243 410 2304 quaecumque
432 2228 465 2286 in
486 2244 522 2287 eo
544 2227 619 2286 finnt
641 2227 764 2305 fierique
787 2232 940 2286 necessest

595 2333 614 2371 *

155 2400 295 2480 pleraque
318 2400 454 2482 dissolui,
478 2419 552 2480 quae
575 2409 689 2463 restant
709 2405 830 2481 percipe
852 2420 941 2480 porro

155 2496 164 2571 p
178 2487 415 2567 quandoquidem
437 2489 530 2551 semel
552 2491 699 2568 insignem
722 2490 922 2550 conscendere
945 2507 1070 2550 currum

881 2572 935 2703 o

402 2719 404 2723 Α
595 2684 614 2722 *
762 2714 763 2719 ,

156 2759 311 2813 ventorum
333 2755 474 2835 existant,
495 2754 650 2834 placentur
672 2761 706 2815 ut
727 2756 824 2814 omnia
847 2728 967 2815 rursum

320 2891 322 2896 .
596 2863 612 2901 ss
648 2887 650 2891 -

156 2947 231 3008 quac
254 2929 377 3011 fuerint,
400 2933 461 2991 sint
482 2930 596 3010 placato
619 2948 760 2993 conversa
783 2930 890 2991 furore.

596 3039 614 3077 *

104 3121 137 3170 50
157 3113 254 3166 cetera
278 3124 352 3185 quae
375 3107 441 3169 fieri
463 3110 495 3166 in
517 3111 606 3171 terris
629 3106 768 3185 caeloque
790 3111 912 3166 tuentur

155 3192 309 3274 mortales,
332 3195 445 3273 pavidis
468 3212 536 3254 cum
557 3195 689 3275 pendent
710 3193 851 3255 mentibu'
875 3212 975 3273 saepe,

155 3280 229 3342 haec
251 3282 363 3344 faciunt
386 3285 499 3343 animos
520 3281 641 3342 humilis
663 3282 821 3342 formidine
844 3282 940 3341 divom
964 3304 966 3308 ’

156 3369 373 3450 depressosque
394 3377 535 3449 premunt
555 3370 592 3431 ad
615 3377 726 3431 terram
748 3376 904 3449 propterea
928 3369 1006 3448 quod

156 3460 322 3537 ignorantia
345 3476 500 3519 causarum
522 3458 657 3519 conferre
672 3457 803 3519 ‘deorum

103 3563 138 3613 ss
158 3549 237 3626 cogit
258 3547 296 3607 ad
317 3548 475 3626 imperium
498 3565 547 3607 res
570 3554 601 3607 et
622 3545 784 3608 concedere
807 3564 939 3625 reguum.
