2438 3998
470 220 753 277 PROLEGOMENA.
1066 221 1119 274 VII

101 368 180 431 wan
212 369 318 430 notra
343 365 418 429 baec
443 365 562 446 ipnori,
595 365 917 430 matrimoniorum
943 385 1006 429 non
1026 384 1120 446 posse

100 457 196 520 wara
208 453 276 518 sine
289 453 417 518 numine
425 453 514 517 reddi
524 449 579 538 (P),
594 457 678 517 tento
687 473 775 534 opere
789 503 813 516 ..
828 458 948 518 motare
962 454 1118 535 ..franpas-

102 563 163 624 qaae
189 562 305 619 oreore,
337 545 367 605 et
393 541 461 604 ioan
486 544 585 605 cebro
611 540 767 622 (cambolas
793 562 871 623 quae
896 542 1005 606 scatet
1030 542 1119 605 odire

104 681 134 693 ..
155 635 185 695 et
201 649 250 695 res
264 649 324 710 per
341 629 460 694 venais
478 627 631 692 blanditer
647 628 756 708 semla,
769 629 954 713 propayem)
971 650 1010 694 ne
1021 647 1118 711 penos

96 719 226 791 ‚occidat
244 718 417 782 humanum
439 721 529 797 otone
550 717 661 780 boram
678 718 785 782 omnio
802 738 904 796 occsa,
928 718 1118 782 concaluisse

90 809 177 872 'deos
204 826 273 870 acro
297 806 431 888 fiebunt,
460 805 594 868 omnibo'
621 805 710 869 rebus
738 856 770 869 ..
798 807 946 871 ridentur.
998 827 1034 869 ex
1061 809 1117 868 hoc

106 916 167 959 uno
201 895 348 976 exemplo,
384 898 443 956 nisi
475 895 572 976 iallor,
603 898 734 975 perspici
765 904 875 977 potest,
908 916 995 976 quam
1028 898 1118 957 luerit

106 984 350 1046 Rockemiallerus
383 1002 400 1043 a
429 986 575 1043 sermonis
603 983 687 1044 latini
714 986 817 1044 notitia
849 986 997 1065 infirmus,
1030 1003 1117 1064 quam

107 1077 230 1151 ignarus
262 1075 334 1132 artis
366 1074 485 1132 criticae
517 1071 631 1151 legum,
669 1091 756 1150 quam
788 1074 869 1132 omni
899 1072 996 1151 pulcri
1028 1091 1118 1133 seusu

107 1161 276 1221 destitutus.
324 1178 420 1238 neque
448 1166 546 1220 tamen
574 1162 639 1219 eius
666 1159 744 1220 liber
770 1178 829 1220 non
858 1162 915 1220 erit
941 1160 1117 1221 utilissimus

107 1249 144 1309 ad
167 1247 288 1308 Lucreti
315 1265 434 1307 carmen
462 1247 691 1328 emendandum,
720 1251 746 1308 si
773 1249 860 1309 modo
891 1251 957 1327 quis
981 1256 1064 1309 caute
1089 1256 1118 1308 et

107 1337 272 1416 prudenter
294 1342 395 1397 utatur
418 1343 447 1395 et
469 1336 606 1396 didicerit
625 1354 660 1396 ex
680 1336 804 1396 aliorum
823 1337 974 1397 erroribus
993 1338 1117 1397 discere.

197 1424 242 1484 Ex
261 1426 314 1504 eis,
335 1427 387 1502 qui
403 1431 472 1502 post
489 1423 745 1486 Bockemiallerum
764 1424 934 1485 Lucretium
953 1425 1118 1504 ediderunt,

107 1530 196 1573 nemo
219 1518 335 1573 tantum
356 1514 517 1592 praestitit,
544 1520 578 1573 ut
599 1513 655 1573 hoc
677 1512 741 1573 loco
765 1513 899 1573 videatur
922 1512 1117 1573 nominandus

109 1618 184 1662 esse.
218 1618 315 1679 neque
328 1607 428 1660 tamen
442 1600 558 1680 desunt,
573 1603 623 1679 qui
638 1619 705 1660 cum
719 1608 818 1678 partes
833 1603 972 1660 carminis
987 1600 1118 1679 ederent,

109 1689 146 1749 de
169 1688 217 1748 his
241 1688 432 1748 emendandis
455 1690 631 1748 meruerint:
656 1688 758 1748 lanum
780 1687 956 1765 Woltjerum
979 1687 1117 1747 Batavum

110 1776 190 1856 dico,
218 1778 270 1855 qui
293 1783 431 1855 excerpta
453 1795 489 1836 ex
512 1774 630 1837 Lucreti
654 1777 783 1835 carmine
810 1775 962 1834 emendata
986 1774 1120 1846 exhibuit

109 1867 142 1924 in
163 1864 257 1924 Sertis
275 1863 415 1924 Romanis
434 1882 508 1943 quae
527 1866 688 1944 inscripsit,
708 1871 737 1923 et
756 1862 922 1924 Samuelem
936 1863 1118 1944 Brandtium,

110 1954 164 2030 qui
186 1951 264 2012 idem
284 1952 354 2012 lecit
372 1955 404 2012 in
421 1951 539 2030 Eelogis
557 1960 711 2031 poetarum
729 1950 910 2032 Latinorum,
935 1971 1007 2030 quas
1026 1952 1120 2013 edidit

110 2040 229 2118 Lipsiae
253 2042 283 2099 in
307 2039 429 2100 aedibus
452 2039 600 2101 Teubneri
623 2058 647 2099 a.
673 2036 766 2102 1881.

200 2126 266 2187 Non
297 2130 384 2206 pauci
415 2135 568 2207 praeterea
596 2130 654 2187 viri
687 2128 767 2188 docti
797 2131 829 2187 in
861 2128 1118 2188 dissertationibus

110 2215 334 2293 inauguralibus
357 2223 408 2275 aut
429 2218 461 2275 in
484 2215 591 2275 libellis
614 2215 659 2275 vel
678 2215 861 2276 scholasticis
880 2215 925 2275 vel
944 2215 1118 2275 academicis

110 2311 163 2365 aut
190 2303 254 2364 aliis
282 2305 314 2363 in
341 2303 552 2381 scriptionibus
579 2303 615 2364 de
639 2306 683 2364 eis
705 2303 796 2364 rebus
820 2306 1015 2383 scripserunt,
1044 2322 1118 2380 quae

111 2392 148 2453 ad
171 2390 347 2451 Lucretiana
370 2391 465 2451 studia
488 2394 680 2469 pertinerent.
722 2410 758 2451 ex
782 2391 888 2471 quibus
912 2390 961 2451 alii
980 2392 1118 2451 carminis

110 2479 202 2560 locos,
222 2481 272 2557 qui
291 2486 342 2539 aut
360 2481 492 2558 corrupti
510 2487 610 2539 essent
628 2487 679 2539 aut
696 2497 750 2558 pro
770 2481 917 2557 corruptis
930 2479 1118 2558 haberentur,

111 2567 269 2628 emendare
298 2569 396 2627 conati
423 2574 504 2646 sunt,
532 2567 582 2627 alii
609 2569 641 2627 in
669 2565 758 2627 rebus
782 2566 962 2646 explicandis
983 2569 1060 2627 viam
1083 2567 1119 2626 ad

110 2657 252 2716 carminis
288 2662 389 2734 partes
424 2655 563 2733 quasdam
595 2654 701 2716 melius
733 2655 969 2734 interpretandas
1001 2657 1118 2716 munire

110 2742 300 2823 studuerunt,
322 2743 372 2803 alii
395 2743 430 2803 de
449 2742 569 2802 Lucreti
592 2743 756 2804 elocutione
776 2744 963 2821 quaestiones
983 2745 1119 2804 institue-

109 2838 191 2911 runt,
211 2830 260 2891 alii
278 2831 405 2909 denique
424 2830 460 2891 de
480 2832 544 2891 eius
563 2833 622 2891 vita
640 2838 727 2910 atque
747 2848 835 2909 opere
857 2833 883 2890 si
901 2831 971 2910 quid
985 2833 1119 2892 invenire

109 2926 235 2998 possent
262 2921 377 2998 experti
404 2926 481 2978 sunt.
527 2937 563 2979 ex
587 2919 694 2998 quibus
717 2937 777 2978 non
799 2920 885 2997 pauci
908 2937 942 2979 ea
965 2921 1120 2998 praestite-

110 3015 191 3087 runt,
212 3026 286 3086 quae
304 3009 453 3066 neminem
472 3009 612 3066 carminis
630 3006 800 3068 Lucretiani
819 3007 964 3068 editorem
982 3009 1117 3084 ignorare

109 3113 166 3174 par
193 3097 238 3156 sit
281 3112 354 3173 quos
382 3113 557 3156 enumerare
584 3115 652 3157 cum
679 3114 739 3155 non
766 3095 855 3155 huius
882 3094 940 3156 loci
968 3097 1019 3175 sit,
1049 3097 1120 3155 satis

109 3185 183 3263 erit,
211 3186 329 3263 opinor,
356 3185 383 3243 si
409 3185 441 3243 in
469 3203 504 3244 eo
535 3202 622 3262 quem
650 3183 838 3244 subiecturus
867 3202 932 3243 sum
960 3183 1120 3244 lectionum

109 3272 261 3331 varietatis
290 3278 450 3351 conspectu
473 3271 655 3352 indicavero,
680 3271 730 3332 ubi
752 3291 787 3332 ea
810 3274 949 3352 quisque,
972 3291 1046 3351 quae
1071 3280 1120 3332 aut

108 3357 262 3438 probanda
286 3367 336 3419 aut
358 3367 439 3419 certe
463 3360 611 3420 alierenda
634 3363 695 3420 visa
720 3367 819 3440 erunt,
843 3362 1005 3439 scripserit.

199 3446 260 3507 Iam
292 3450 318 3507 si
348 3448 405 3507 hoc
436 3447 501 3508 loco
533 3449 569 3509 de
602 3451 677 3508 meis
708 3451 773 3528 ipse
801 3449 907 3509 studiis
935 3447 1120 3508 Lucretianis

108 3535 226 3616 dixero,
252 3537 439 3596 necessitatis
466 3539 686 3597 excusationem
710 3556 797 3616 spero
820 3537 893 3596 mihi
916 3543 1050 3615 paratum
1074 3538 1119 3596 iri.
