2438 3998
146 209 259 265 XLVIII
510 203 791 261 PROLEGOMENL

145 359 281 420 mutem
292 371 443 434 qumnque
456 359 623 417 tuentur
635 352 693 424 00.
707 352 816 413 ka.:
835 349 1032 414 aueinauium
1046 366 1157 412 muote-

147 446 280 508 urentur
296 443 358 504 Lm.
376 439 570 505 mammenus
589 489 639 502 ...
662 443 785 503 member
801 440 846 501 B.:
871 447 977 501 neuter
994 437 1157 500 verborum

147 534 245 595 lusum
274 533 376 593 sensit.
402 563 440 574 -
466 528 528 592 957
556 547 620 609 qua
640 547 674 592 re
691 576 699 590 .
714 577 743 590 ..
763 525 826 592 958
843 525 976 608 possint
996 526 1069 609 00,
1091 530 1157 588 eui-

147 629 275 701 mantes,
301 618 401 700 philol.
425 617 502 679 XXV
528 617 569 681 88
575 665 584 698 ,
604 615 740 697 possint,
767 617 904 678 videlicet
929 634 1034 677 seusus
1056 615 1157 677 ka.

143 707 244 792 posse‘t
259 707 321 768 Lm.
340 707 385 789 B„
408 706 493 768 videi
512 704 667 782 amemans,
690 713 811 786 propter
829 705 902 766 illud
919 701 1063 785 quamuis
1084 703 1159 767 (mi-

147 799 294 872 mantem,
327 796 405 875 quod
437 803 483 856 est
513 797 546 856 in
572 815 597 855 v.
622 793 699 875 939,
731 795 816 873 quasi
843 811 902 855 uou
930 796 961 853 iu
987 791 1036 852 illo
1064 792 1158 855 verbo

148 885 345 947 multitudinis
368 886 449 945 notio
471 883 567 945 lateat.
588 884 624 944 cf.
643 901 731 962 supra
748 901 776 961 p.
795 881 892 942 XVIII.
913 915 951 926 -
971 877 1037 944 900
1048 898 1159 961 prae-

148 977 231 1036 terea
252 975 449 1034 restituerunt
469 972 579 1052 ka.,
606 977 637 1032 et
658 971 765 1032 Christ.
792 990 821 1050 p.
840 968 882 1034 38
905 969 971 1030 Mu:
991 971 1159 1050 properea

149 1062 211 1124 Lm.
230 1061 261 1122 B.
280 1095 323 1105 —
342 1059 406 1122 972
426 1058 463 1123 de
483 1057 593 1140 quibus
610 1060 776 1122 ammam
793 1057 852 1130 00.
871 1060 889 1119 i
909 1077 934 1120 e.
957 1076 993 1119 ex
1016 1077 1075 1137 quo
1094 1065 1158 1119 ute·

149 1169 265 1212 morum
284 1167 392 1228 genere
411 1148 447 1209 ud
467 1157 579 1210 ceteras
594 1155 715 1229 atomoe
735 1166 809 1227 quae
827 1146 996 1208 homiuibus
1010 1165 1079 1208 eum
1093 1149 1158 1208 ani·

149 1239 275 1299 malibus
294 1239 417 1298 rationis
431 1236 601 1315 expertibus
616 1255 786 1296 communes
801 1243 879 1316 suut,
897 1234 1007 1313 ahquid
1021 1238 1158 1316 accessit,

149 1327 228 1388 unde
251 1328 326 1385 ratio
345 1321 501 1385 oreretur?
525 1326 596 1384 item
615 1322 680 1386 983
697 1341 736 1386 ex
756 1341 820 1386 mm
835 1321 1005 1387 ridentum
1022 1325 1158 1387 auctus:

147 1413 296 1494 femensi
315 1446 360 1456 -
378 1411 481 1492 facies
498 1411 560 1473 Lm.
579 1411 610 1472 Β.
629 1411 682 1472 Mr.
701 1431 817 1473 meeum
835 1413 906 1473 feeit
922 1411 1094 1474 Giussauus.
1114 1446 1157 1456 -

152 1500 214 1564 991
236 1521 278 1581 sq.
368 1497 456 1576 laem,
475 1504 505 1563 et
520 1517 617 1581 penus
634 1498 806 1562 immanem
817 1498 915 1579 pmii,
933 1498 1040 1562 omnia
1055 1497 1160 1563 saecla

148 1590 290 1671 feramen
319 1597 373 1650 ete.
401 1608 467 1650 eun.
494 1589 593 1668 philol.
626 1586 712 1653 1875
738 1609 766 1668 p.
794 1587 871 1653 632:
895 1637 901 1650 .
921 1636 928 1649 .
948 1636 954 1649 .
976 1586 1158 1653 humanum.

146 1677 255 1759 parii.
271 1727 299 1740 ..
323 1678 385 1739 Lm.
413 1677 454 1759 B.‚
482 1681 566 1758 quasi
591 1686 671 1739 terra
698 1696 791 1756 genus
818 1679 979 1738 humanum
1005 1695 1042 1738 eo
1069 1678 1158 1739 medo

152 1771 258 1848 pariat,
286 1787 343 1846 quo
372 1766 492 1828 arbores
498 1815 507 1847 ‚
534 1785 593 1827 uon
626 1785 661 1827 eo
694 1785 751 1845 quo
782 1775 880 1827 cetere
907 1765 1057 1847 animalia,
1084 1769 1104 1828 i.
1133 1784 1159 1828 e.

151 1855 258 1936 pabula
279 1854 438 1935 praehens,
465 1862 498 1916 ut
525 1862 555 1916 et
576 1857 675 1916 vivere
701 1861 731 1915 et
752 1857 846 1915 vivam
868 1857 1040 1933 progeniem
1068 1854 1160 1916 edere

152 1945 276 2021 possint.
295 1976 337 1986 -
358 1940 442 2004 1001
459 1962 501 2021 sq.
524 1944 554 2004 ei
575 1944 693 2020 effluit
716 1935 825 2026 (mors)
848 1958 951 2005 omnes
971 1959 1020 2005 res
1041 1948 1089 2006 ut
1108 1981 1118 2004 .·
1131 1991 1159 2005 ..

153 2028 211 2101 00.
225 2030 278 2090 Mr.
293 2030 357 2090 edd.
377 2033 406 2091 et
420 2029 458 2110 fit
472 2032 622 2092 etampes
638 2047 688 2092 res
704 2028 771 2092 itu.
787 2078 793 2090 .
809 2078 816 2091 .
834 2030 896 2091 Lm.
910 2031 942 2091 B.
957 2064 999 2074 -
1017 2027 1104 2094 1008
1116 2051 1159 2112 sq.

151 2116 234 2197 quod
248 2116 284 2179 ie
303 2116 433 2179 summes
449 2115 574 2196 fieiture
591 2116 728 2180 videmus
744 2116 833 2181 rebus
850 2122 869 2180 i.
888 2138 913 2180 e.
932 2118 1046 2181 colores
1064 2122 1096 2182 et
1111 2118 1161 2182 en·

153 2205 271 2268 erdem
296 2203 384 2267 nasei
409 2203 564 2284 subitoque
579 2203 685 2284 perire
706 2211 725 2268 i.
749 2226 774 2268 e.
798 2225 912 2268 seusus.
935 2206 994 2278 00.
1017 2207 1082 2268 edd.
1106 2209 1159 2270 Me.

155 2294 251 2355 Giuss.
279 2291 314 2354 e'n
342 2292 455 2356 euectus
478 2298 622 2355 sementia
645 2314 704 2356 nou
727 2304 807 2357 reete
836 2303 955 2374 acceptu
976 2294 1039 2357 Lm.
1061 2291 1098 2358 B.
1124 2298 1160 2359 ct

154 2383 190 2443 ad
214 2383 227 2442 I
250 2380 315 2444 990
329 2401 371 2462 sq.
400 2389 430 2442 et
458 2382 493 2442 ad
520 2382 546 2442 11
573 2381 646 2444 474.
669 2381 976 2463 -111010-1018
1001 2383 1012 2465 ΙΙ
1036 2386 1072 2446 ef.
1092 2404 1160 2447 auu.

153 2470 252 2550 philol.
273 2466 359 2533 1875
376 2490 404 2549 p.
422 2467 486 2532 623
505 2478 535 2531 et
553 2490 642 2550 supra
659 2491 686 2551 p.
701 2472 784 2532 XVII.
800 2506 841 2516 -
862 2470 948 2535 1026
959 2473 1161 2553 memmio

154 2557 213 2629 00.
227 2557 326 2636 vulgo:
345 2558 381 2618 de
400 2558 572 2621 anacolutho
590 2579 616 2620 v.
630 2579 657 2639 p.
672 2560 764 2620 XXIII
775 2559 926 2641 percipito
939 2561 1000 2622 Lm.
1014 2561 1162 2642 suspicite

154 2645 186 2706 B.
204 2646 256 2706 Mr.
276 2679 319 2689 -
340 2643 424 2708 1029
447 2650 559 2709 emteni
575 2646 662 2709 Orell.
681 2648 743 2709 Lm.
762 2652 861 2712 esseni
882 2649 941 2721 00.
959 2649 990 2710 B.
1012 2683 1051 2694 —
1073 2647 1162 2714 1030

153 2732 183 2796 si
204 2732 270 2796 siut
290 2731 402 2797 obieeta
425 2734 483 2806 00.
502 2754 546 2814 vg.
565 2735 627 2797 Lm.
645 2736 698 2797 Mu.
718 2735 788 2799 m'su
809 2735 942 2800 subiecta
959 2737 990 2798 Β.
1012 2773 1050 2782 -
1073 2735 1163 2802 1054

154 2824 185 2884 et
199 2819 279 2900 ipse,
297 2822 395 2901 philol.
414 2823 490 2883 XXV
504 2821 546 2886 89
561 2843 617 2903 sq.:
637 2827 667 2886 et
682 2823 754 2905 Ipsa
771 2826 830 2897 00.
849 2826 914 2887 edd.
929 2860 971 2870 —
987 2824 1071 2889 1057
1092 2845 1163 2891 eou-
1207 2886 1209 2890 .

154 2913 260 2991 creta,
292 2910 363 2971 ibid.
390 2931 418 2991 p.
449 2909 505 2974 90:
540 2911 672 2974 coniectu
704 2913 761 2985 00.
797 2917 936 2977 convectu
968 2915 1030 2975 Lm.
1056 2915 1088 2976 Β.
1120 2949 1162 2960 -

157 2996 373 3063 1006-1068
392 3017 475 3061 nune
492 3005 529 3063 et
545 2997 712 3063 semineus
727 3000 757 3064 si
771 3050 777 3062 .
790 3051 796 3062 .
810 3002 911 3066 omnis
926 3004 1043 3082 eique
1055 3003 1164 3068 eadem

154 3090 270 3149 mamre
287 3089 402 3163 munet,
427 3087 527 3168 philol.
546 3088 622 3149 XXV
640 3088 695 3151 90:
717 3124 754 3134 —
772 3139 779 3151 .
799 3139 805 3151 .
825 3139 831 3152 .
854 3090 902 3154 ves
923 3090 1028 3154 eadem
1044 3095 1165 3156 namra

156 3174 213 3246 00.
232 3173 457 3252 65861ηὸ59553,
479 3175 528 3239 ee'.
544 3224 550 3236 .
566 3225 572 3237 .
586 3176 696 3259 omnm,
713 3177 783 3259 quis
800 3179 863 3240 Lm.
882 3180 913 3240 B.
927 3214 972 3224 -
987 3177 1073 3244 1076
1092 3181 1165 3244 auin

154 3259 302 3326 mulvium
323 3261 411 3326 e'm'oe
432 3266 569 3327 mentem.
605 3265 715 3327 ka.:
737 3266 838 3329 iudice
858 3270 955 3331 memte
973 3268 1032 3340 00.
1051 3266 1165 3332 indute

156 3345 289 3435 (inclute)
313 3348 447 3413 Memmi
469 3352 593 3415 Gronov.
612 3353 674 3415 Lm.
693 3354 724 3416 B.
743 3354 829 3418 adine
850 3358 980 3420 mentem
997 3357 1105 3439 Tohte,
1127 3359 1165 3421 ef.

156 3459 222 3501 anu.
248 3439 364 3501 Lueret.
390 3437 475 3504 1879
498 3460 526 3520 p.
550 3438 592 3504 95
616 3442 712 3503 Giuss.
736 3441 892 3506 amimalia
912 3442 976 3507 sint
997 3443 1166 3510 decipiente

155 3529 226 3590 Poll.
246 3529 282 3589 de
306 3536 359 3590 ert.
382 3548 444 3590 voc.
462 3548 491 3609 p.
510 3528 551 3592 28
585 3564 628 3574 -
649 3528 734 3594 1085
756 3531 838 3612 quod
857 3531 929 3596 hine
948 3536 1169 3614 peneratmnst
