2438 3998
146 252 209 318 150
631 250 657 305 V

216 400 313 460 omnia
335 398 488 477 dispositis
511 400 604 476 signis
628 404 730 458 666666
752 405 902 458 notarunt
1112 420 1155 461 666

215 495 266 548 666
288 487 357 566 quia
380 488 508 547 crassior
531 493 577 547 est
599 489 688 547 certis
712 489 743 546 in
765 485 899 566 partibus
923 487 994 547 anni
1086 487 1092 492 ’

637 593 655 632 v

144 681 196 730 686
216 662 271 724 sub
293 665 383 724 terris
406 662 472 722 ideo
495 661 656 723 tremulum
678 661 763 722 iubar
785 662 911 722 haesitat
933 665 1011 741 ignis

145 760 201 810 696
218 770 273 812 nec
299 759 455 830 penetrare
477 758 576 830 potest
598 750 682 811 facile
705 756 793 830 atque
816 768 968 829 emergere
991 751 1027 811 ad
1052 759 1154 812 ortus:

216 849 373 919 propterea
396 846 499 901 noctes
521 838 645 908 literne
668 846 800 919 tempore
823 837 927 918 longae

216 935 346 1009 cessant,
370 928 439 989 dnm
463 929 561 988 veniat
581 927 727 988 radiatum
749 929 865 1006 insigne
889 927 957 988 diei.
1114 953 1156 992 uoo

216 1019 391 1098 autetiam,
415 1019 485 1095 quia
507 1017 551 1076 sic
574 1014 695 1076 alternis
717 1014 852 1095 partibus
876 1017 946 1077 anui

146 1122 197 1172 600
215 1105 330 1166 tardius
353 1112 383 1165 et
406 1107 494 1165 citius
518 1111 698 1164 consuerunt
720 1104 869 1164 confluere
893 1107 990 1185 ignes,

146 1201 198 1252 701
213 1197 265 1273 qui
287 1194 399 1254 iaciunt
422 1191 515 1253 solem
537 1199 618 1252 certa
640 1191 676 1252 de
706 1211 828 1272 surgere
851 1202 934 1273 parte

216 1290 374 1362 propterea
397 1282 430 1340 tit
452 1282 497 1340 uti
519 1279 672 1340 videantur
695 1281 794 1341 dicere
816 1299 933 1360 verum,

640 1388 657 1423 *

259 1457 342 1518 Luna
364 1463 463 1536 potest
485 1455 557 1516 solis
578 1455 669 1516 radiis
691 1473 832 1535 percussa
854 1458 951 1517 nitere
1116 1482 1156 1520 voa

217 1549 307 1624 inque
329 1535 394 1605 dies¹
417 1546 511 1623 magis
533 1542 569 1606 id
589 1544 688 1605 lumen
712 1553 883 1606 convertere
904 1544 991 1605 nobis

148 1651 198 1700 696
218 1634 253 1694 ad
277 1635 420 1715 speeiem,
443 1640 584 1712 quantum
608 1632 678 1693 solis
702 1634 814 1694 secedit
837 1632 873 1694 ab
895 1633 973 1712 orbi,

148 1731 203 1782 706
218 1723 346 1801 donique
369 1740 437 1782 eum
460 1729 562 1782 contra
584 1721 671 1800 pleno
694 1721 770 1782 bene
793 1720 904 1781 lumine
928 1721 1009 1781 fulsit

218 1819 305 1890 atque
329 1812 428 1871 oriens
452 1809 550 1870 obitus
573 1811 637 1870 eius
661 1828 750 1890 super
773 1809 850 1870 edita
873 1798 960 1869 vidit:

219 1899 288 1959 inde
311 1900 477 1959 minutatim
499 1905 580 1958 retro
604 1900 689 1977 quasi
710 1898 838 1958 condere
861 1896 961 1958 lumen
1116 1925 1157 1963 uo

219 1987 307 2047 debet
329 1989 413 2067 item,
436 1993 545 2065 quanto
568 1988 691 2065 propius
714 1988 773 2046 iam
797 1985 867 2046 solis
891 1985 927 2046 ad
950 1988 1049 2064 ignem

150 2078 201 2140 700
219 2074 327 2135 labitur
349 2093 385 2135 ex
409 2073 465 2134 alia
488 2077 641 2152 signorum
662 2081 745 2153 parte
768 2092 823 2154 per
846 2073 960 2155 orbem3

149 2170 202 2222 711
220 2171 253 2224 ut
275 2163 399 2243 iaciunt,
422 2162 522 2223 lunam
545 2165 599 2242 qui
620 2163 735 2241 fingvmt
757 2181 824 2222 esse
846 2162 918 2241 pilai

220 2250 404 2311 consimilem
427 2269 591 2329 cursusque
614 2253 691 2310 viam
714 2250 769 2311 sub
793 2249 854 2310 sole
878 2259 987 2311 tenere.

220 2347 266 2400 est
288 2342 375 2400 etiam
399 2357 490 2418 quare
512 2341 642 2419 proprio,
657 2357 724 2399 cum
747 2338 857 2399 lumine
880 2340 975 2417 possit
1117 2363 1158 2403 66

219 2427 329 2488 volvier
351 2435 382 2488 et
403 2430 499 2488 varias
521 2426 688 2506 splendoris
711 2427 835 2486 reddere
858 2427 980 2487 formas:

150 2532 201 2582 706
220 2534 328 2594 corpus
352 2519 431 2576 enim
453 2515 523 2578 lieet
546 2533 611 2574 esse
635 2513 727 2594 aliud,
751 2514 828 2592 quod
853 2516 947 2575 fertur
969 2522 998 2575 et
1021 2533 1079 2575 una

149 2612 203 2662 716
219 2603 326 2664 labitur
350 2603 527 2664 omnimodis
550 2619 709 2663 occursans
735 2603 941 2684 efficiensque,

219 2711 275 2753 nec
297 2695 375 2771 potis
399 2700 444 2753 est
466 2692 563 2771 cerni,
586 2693 655 2768 quia
678 2709 795 2752 cassum
817 2690 929 2751 lumine
953 2691 1055 2752 fertur.

220 2783 390 2859 versarique
414 2786 524 2860 potest,
547 2777 651 2858 globus
673 2787 707 2840 ut
730 2782 755 2839 si
779 2779 854 2840 lorte
877 2779 948 2858 pilai
1117 2804 1158 2844 rso

220 2869 341 2929 dimidia
365 2887 401 2929 ex
423 2869 501 2947 parti
524 2867 661 2927 candenti
683 2867 794 2928 lumine
818 2870 941 2948 tinctus,

151 2972 202 3022 710
220 2956 423 3034 versandoque
447 2955 567 3034 globum
591 2958 730 3016 variantis
753 2956 841 3017 edere
865 2957 986 3036 formas,

150 3053 205 3104 721
222 3045 349 3124 donique
374 3062 438 3104 eam
460 3050 588 3124 partem,
611 3052 843 3124 quaecumquest
864 3045 983 3122 ignibus
1006 3053 1105 3126 aucta,

221 3133 257 3193 ad
281 3135 411 3211 speciem
433 3134 522 3192 vertit
544 3131 631 3192 nobis
654 3133 813 3212 oculosque
835 3135 977 3211 patentis:

222 3221 290 3281 inde
314 3223 482 3280 minutatim
506 3229 587 3281 retro
611 3228 786 3300 contorquet
809 3229 839 3281 et
861 3221 957 3281 aufert
1119 3246 1160 3288 aes

221 3309 375 3369 luciferam
397 3317 512 3387 partem
535 3308 755 3386 glomeraminis
778 3316 865 3387 atque
888 3309 972 3390 pilai;

151 3413 202 3464 tto
221 3406 255 3458 66
277 3396 453 3476 babylonica
476 3396 654 3458 Chaldaeum
677 3399 810 3458 doctrina
833 3398 965 3458 refutans

151 3494 205 3545 726
223 3485 438 3564 astrologorum
461 3493 556 3546 artem
578 3493 680 3547 contra
704 3487 878 3546 convincere
902 3487 1010 3566 tendit,

223 3575 348 3656 proinde
372 3576 457 3653 quasi
480 3574 509 3634 id
533 3576 599 3635 fieri
621 3581 748 3652 nequeat
770 3574 849 3652 quod
872 3582 982 3654 pugnat
1005 3576 1146 3657 uterque,
