2438 3998
101 210 143 276 to
583 210 622 264 ΠΙ

170 364 320 418 ettamen
342 357 509 434 insequitur
531 355 655 434 languor
677 364 832 434 terraeque
855 358 967 435 petitus

170 445 262 523 segni’
284 444 330 524 fit,
353 444 466 503 interea
488 446 597 504 mentis
620 446 672 522 qui
694 447 824 523 gignitur
847 450 947 504 aestus

169 532 377 609 interdumque
401 531 485 608 quasi
508 531 687 610 exsurgendi
709 535 821 593 incerta
844 528 1001 592 voluntas?

101 636 151 685 175
171 637 241 698 ergo
264 635 435 697 corpoream
458 625 593 678 naturam
616 621 706 679 animi
728 637 795 679 esso
818 623 983 699 necessest,

171 709 322 786 corporeis
346 707 484 784 quoniam
506 705 575 766 telis
598 707 717 784 ictuque
740 706 861 768 laborat.

214 794 243 854 ls
264 794 321 854 tibi
343 811 423 853 nunc
445 795 560 854 animus
585 792 664 872 quali
687 797 726 854 sit
749 812 873 876 corpore
895 801 926 854 11
948 794 1026 854 unde

89 889 92 895 '
171 883 338 943 constiterit
359 898 480 960 pergam
502 883 648 944 rationem
670 882 796 942 reddere
820 882 916 942 dictis.

171 971 318 1048 principio
342 987 407 1029 esse
431 970 477 1028 aio
499 968 693 1047 persuptilem
716 976 803 1047 atque
824 971 947 1030 minutis

102 1073 151 1122 180
170 1061 313 1136 perquam
336 1055 510 1134 corporibus
534 1056 644 1116 lactum
666 1065 810 1117 constare.
847 1057 877 1117 id
900 1059 942 1117 ita
965 1075 1031 1117 esse

170 1145 240 1205 hinc
262 1144 332 1205 licet
354 1143 488 1203 advertas
511 1145 643 1203 animum
665 1150 699 1204 ut
721 1162 900 1223 pernoscere
923 1146 1029 1224 possis

171 1233 213 1292 nil
236 1232 308 1293 adeo
331 1232 397 1291 lieri
420 1229 509 1290 celeri
531 1233 646 1311 ratione
669 1231 808 1312 videtur‚'E

172 1338 259 1398 quam
283 1318 340 1379 sibi
362 1336 445 1377 mens
468 1319 535 1377 lieri
556 1321 696 1396 proponit
718 1326 748 1379 et
770 1319 888 1379 inchoat
910 1321 987 1397 ipsa:

173 1409 255 1467 ocius
278 1423 348 1483 ergo
371 1407 486 1465 animus
509 1423 597 1484 quam
621 1424 669 1466 res
692 1425 724 1466 se
746 1408 860 1484 perciet
882 1405 955 1485 ulla,

103 1511 153 1560 185
172 1501 239 1554 ante
264 1492 364 1554 oculos
388 1511 514 1570 quorum
537 1494 568 1552 in
591 1501 730 1572 promptu
752 1501 855 1554 natura
879 1494 1008 1553 videtur:

172 1589 201 1642 at
224 1581 302 1661 quod
325 1579 432 1640 mobile
455 1587 537 1640 tanto
560 1588 692 1661 operest,
715 1588 851 1642 constare
874 1581 1011 1641 rutundis

172 1687 316 1749 perquam
338 1667 501 1728 seminibus
525 1667 613 1729 debet
634 1687 836 1748 perquamque
859 1671 995 1750 minutis,

173 1760 301 1817 momine
324 1759 370 1817 uti
391 1774 480 1835 parvo
502 1758 618 1834 possint
640 1756 756 1835 inpulsa
776 1759 897 1817 moveri.

173 1839 321 1928 limamque
345 1851 479 1904 movetur
502 1861 576 1922 aqua
598 1850 629 1904 et
651 1843 764 1904 tantillo
787 1848 915 1905 momine
939 1845 1036 1926 ssutat‚

105 1949 155 1996 110
175 1936 282 2011 qnippe
305 1930 484 1991 volubilibus
505 1933 664 2010 parvisque
687 1938 785 1992 creata
807 1934 919 2011 liguris,

174 2027 204 2081 at
226 2026 328 2080 contra
350 2017 446 2078 mellis
469 2021 651 2078 constantior
673 2026 719 2079 est
741 2027 845 2080 natura

174 2114 204 2167 et
226 2109 304 2185 pigri
326 2105 429 2166 latices
452 2107 545 2182 magis
569 2113 599 2165 et
621 2109 806 2166 cunctantior
830 2115 925 2168 actus:

173 2195 276 2255 haeret
298 2195 377 2254 enim
400 2195 479 2253 inter
501 2210 533 2252 se
556 2195 649 2270 magis
673 2196 770 2254 omnis
792 2197 927 2255 materiai

175 2284 272 2362 copia,
294 2283 448 2360 nimirum,
472 2282 622 2358 quianon
645 2287 705 2340 tam
728 2280 842 2342 levibus
866 2289 946 2343 extat

107 2384 156 2433 roo
175 2368 349 2447 corporibus
372 2385 468 2446 neque
492 2374 551 2426 tam
574 2367 733 2447 suptilibus
756 2376 843 2447 atque
865 2369 1011 2430 rutundis¹
1030 2366 1041 2447 ΙΙ

175 2475 301 2535 namque
323 2457 478 2534 papaveris
501 2472 572 2515 aura
594 2462 693 2533 potest
716 2474 858 2535 suspensa
881 2456 1013 2535 levisque

175 2562 281 2622 cogere
303 2551 337 2603 ut
359 2541 395 2603 ab
419 2560 534 2603 summo
556 2541 613 2602 tibi
635 2542 751 2603 diffluat
773 2542 849 2605 altus
872 2562 1008 2624 11111111,

175 2639 205 2692 at
227 2638 329 2692 contra
352 2629 482 2709 lapidum
506 2628 671 2690 conlectum
693 2633 899 2712 spicarumque

174 2738 273 2780 noenu
295 2725 401 2798 potest.
437 2719 528 2796 igitur
550 2719 724 2796 parvissima
747 2737 871 2798 corpora
893 2737 1038 2800 proquam

104 2823 156 2872 200
175 2815 205 2868 ct
227 2808 377 2867 levissima
399 2812 482 2886 sunt,
505 2807 544 2865 ita
568 2804 731 2866 mobilitate
754 2807 909 2869 fruuntur:

175 2902 205 2956 at
227 2901 329 2955 contra
352 2912 426 2972 quae
450 2911 576 2971 cumque
599 2895 692 2971 magis
716 2912 783 2954 cum
805 2894 936 2973 pondere
959 2912 1065 2973 magno

175 3000 336 3061 asperaque
360 2983 563 3061 inveniuntur,
587 2999 622 3040 eo
646 2979 773 3042 stabilita
797 2985 890 3060 magis
914 2989 991 3042 sunt.

174 3089 253 3131 nunc
276 3071 368 3148 igitur
391 3072 559 3148 quoniamst
581 3070 673 3128 animi
695 3076 800 3130 natura
822 3077 939 3149 reperta

174 3157 293 3219 mobilis
316 3159 446 3238 egregie,
469 3174 612 3237 perquam
636 3163 771 3217 constare
794 3164 946 3218 necessest

104 3262 155 3310 205
175 3244 350 3324 corporibus
372 3247 470 3324 parvis
494 3251 524 3305 et
547 3242 661 3304 levibns
684 3251 771 3322 atque
794 3244 940 3305 rutundis.

175 3351 249 3412 quae
272 3331 327 3393 tibi
350 3335 466 3411 cognita
489 3349 538 3392 res
561 3333 593 3391 in
615 3331 730 3413 multis,
753 3331 883 3414 chone,
906 3331 996 3393 rebus

174 3419 256 3481 utilis
280 3423 448 3481 invenietur
470 3427 500 3480 et
524 3425 688 3497 opportuna
712 3418 829 3480 cluebit.

174 3508 247 3569 haec
271 3525 387 3586 quoquc
410 3525 460 3568 res
483 3509 572 3567 etiam
595 3513 729 3567 naturam
753 3507 869 3568 dedicat
892 3510 970 3589 eius,
