<?xml version="1.0" encoding="UTF-8"?>
<!DOCTYPE html PUBLIC "-//W3C//DTD XHTML 1.0 Transitional//EN"
    "http://www.w3.org/TR/xhtml1/DTD/xhtml1-transitional.dtd">
<html xmlns="http://www.w3.org/1999/xhtml" xml:lang="en" lang="en">
 <head>
  <title>
</title>
<meta http-equiv="Content-Type" content="text/html;charset=utf-8" />
  <meta name='ocr-system' content='tesseract 3.04.00' />
  <meta name='ocr-capabilities' content='ocr_page ocr_carea ocr_par ocr_line ocrx_word'/>
</head>
<body>
  <div class='ocr_page' id='page_1' title='image "./tlucreticarider02carugoog_0278.png"; bbox 0 0 2438 3998; ppageno 0'>
   <div class='ocr_carea' id='block_1_1' title="bbox 583 241 1105 309">
    <p class='ocr_par' dir='ltr' id='par_1_1' title="bbox 583 241 1105 309">
     <span class='ocr_line' id='line_1_1' title="bbox 583 241 1105 309; baseline -0.004 1"><span class='ocrx_word' id='word_1_1' title='bbox 583 241 622 296; x_wconf 76' lang='lat' dir='ltr'><strong>VI</strong></span> <span class='ocrx_word' id='word_1_2' title='bbox 1041 242 1105 309; x_wconf 82' lang='lat'><strong>189</strong></span> 
     </span>
    </p>
   </div>
   <div class='ocr_carea' id='block_1_2' title="bbox 100 387 1107 3289">
    <p class='ocr_par' dir='ltr' id='par_1_2' title="bbox 100 387 1105 559">
     <span class='ocr_line' id='line_1_2' title="bbox 100 387 1105 455; baseline 0.01 -10"><span class='ocrx_word' id='word_1_3' title='bbox 100 392 157 445; x_wconf 99' lang='grc'><strong>650</strong></span> <span class='ocrx_word' id='word_1_4' title='bbox 172 394 203 449; x_wconf 86' lang='grc'><strong>61</strong></span> <span class='ocrx_word' id='word_1_5' title='bbox 224 387 323 448; x_wconf 89' lang='lat' dir='ltr'><strong>videas</strong></span> <span class='ocrx_word' id='word_1_6' title='bbox 346 387 459 449; x_wconf 90' lang='lat' dir='ltr'><strong>caelum</strong></span> <span class='ocrx_word' id='word_1_7' title='bbox 483 391 608 450; x_wconf 84' lang='lat' dir='ltr'><strong>summai</strong></span> <span class='ocrx_word' id='word_1_8' title='bbox 629 392 720 450; x_wconf 91' lang='lat' dir='ltr'><strong>totius</strong></span> <span class='ocrx_word' id='word_1_9' title='bbox 743 409 836 451; x_wconf 92' lang='lat' dir='ltr'><strong>unum</strong></span> <span class='ocrx_word' id='word_1_10' title='bbox 1065 412 1105 455; x_wconf 83' lang='grc'><strong>666</strong></span> 
     </span>
     <span class='ocr_line' id='line_1_3' title="bbox 178 476 1060 559; baseline 0.005 -23"><span class='ocrx_word' id='word_1_11' title='bbox 178 494 266 555; x_wconf 88' lang='lat' dir='ltr'><strong>quam</strong></span> <span class='ocrx_word' id='word_1_12' title='bbox 288 478 328 536; x_wconf 89' lang='lat' dir='ltr'><strong>sit</strong></span> <span class='ocrx_word' id='word_1_13' title='bbox 349 476 469 556; x_wconf 87' lang='lat' dir='ltr'><strong>parvula</strong></span> <span class='ocrx_word' id='word_1_14' title='bbox 490 495 560 556; x_wconf 91' lang='lat' dir='ltr'><strong>pars</strong></span> <span class='ocrx_word' id='word_1_15' title='bbox 583 484 613 537; x_wconf 92' lang='lat' dir='ltr'><strong>et</strong></span> <span class='ocrx_word' id='word_1_16' title='bbox 635 496 723 556; x_wconf 91' lang='lat' dir='ltr'><strong>quam</strong></span> <span class='ocrx_word' id='word_1_17' title='bbox 744 478 912 540; x_wconf 85' lang='lat' dir='ltr'><strong>multesima</strong></span> <span class='ocrx_word' id='word_1_18' title='bbox 934 486 1060 559; x_wconf 84' lang='lat' dir='ltr'><strong>constet,</strong></span> 
     </span>
    </p>

    <p class='ocr_par' dir='ltr' id='par_1_3' title="bbox 101 564 969 821">
     <span class='ocr_line' id='line_1_4' title="bbox 101 564 969 645; baseline 0.001 -17"><span class='ocrx_word' id='word_1_19' title='bbox 101 579 153 630; x_wconf 86' lang='grc'><strong>646</strong></span> <span class='ocrx_word' id='word_1_20' title='bbox 171 583 227 626; x_wconf 89' lang='lat' dir='ltr'><strong>neo</strong></span> <span class='ocrx_word' id='word_1_21' title='bbox 249 570 310 624; x_wconf 92' lang='lat' dir='ltr'><strong>tota</strong></span> <span class='ocrx_word' id='word_1_22' title='bbox 332 582 414 645; x_wconf 84' lang='lat' dir='ltr'><strong>pars,</strong></span> <span class='ocrx_word' id='word_1_23' title='bbox 436 564 523 624; x_wconf 94' lang='lat' dir='ltr'><strong>homo</strong></span> <span class='ocrx_word' id='word_1_24' title='bbox 546 567 638 626; x_wconf 88' lang='lat' dir='ltr'><strong>terrai</strong></span> <span class='ocrx_word' id='word_1_25' title='bbox 660 573 749 644; x_wconf 91' lang='lat' dir='ltr'><strong>quota</strong></span> <span class='ocrx_word' id='word_1_26' title='bbox 770 569 861 628; x_wconf 90' lang='lat' dir='ltr'><strong>totius</strong></span> <span class='ocrx_word' id='word_1_27' title='bbox 883 586 969 629; x_wconf 86' lang='lat' dir='ltr'><strong>unus.</strong></span> 
     </span>
     <span class='ocr_line' id='line_1_5' title="bbox 173 651 893 733; baseline 0.008 -22"><span class='ocrx_word' id='word_1_28' title='bbox 173 652 250 731; x_wconf 91' lang='lat' dir='ltr'><strong>quod</strong></span> <span class='ocrx_word' id='word_1_29' title='bbox 273 651 349 712; x_wconf 91' lang='lat' dir='ltr'><strong>bene</strong></span> <span class='ocrx_word' id='word_1_30' title='bbox 371 655 555 732; x_wconf 90' lang='lat' dir='ltr'><strong>propositum</strong></span> <span class='ocrx_word' id='word_1_31' title='bbox 578 655 605 713; x_wconf 93' lang='lat' dir='ltr'><strong>si</strong></span> <span class='ocrx_word' id='word_1_32' title='bbox 627 653 715 733; x_wconf 91' lang='lat' dir='ltr'><strong>plane</strong></span> <span class='ocrx_word' id='word_1_33' title='bbox 735 662 893 717; x_wconf 87' lang='lat' dir='ltr'><strong>contueare</strong></span> 
     </span>
     <span class='ocr_line' id='line_1_6' title="bbox 172 740 868 821; baseline 0.006 -21"><span class='ocrx_word' id='word_1_34' title='bbox 172 758 206 801; x_wconf 91' lang='lat' dir='ltr'><strong>ac</strong></span> <span class='ocrx_word' id='word_1_35' title='bbox 228 740 328 800; x_wconf 83' lang='lat' dir='ltr'><strong>videas</strong></span> <span class='ocrx_word' id='word_1_36' title='bbox 349 740 449 821; x_wconf 89' lang='lat' dir='ltr'><strong>plane,</strong></span> <span class='ocrx_word' id='word_1_37' title='bbox 472 743 575 802; x_wconf 93' lang='lat' dir='ltr'><strong>mirari</strong></span> <span class='ocrx_word' id='word_1_38' title='bbox 597 741 689 802; x_wconf 92' lang='lat' dir='ltr'><strong>multa</strong></span> <span class='ocrx_word' id='word_1_39' title='bbox 710 741 868 821; x_wconf 77' lang='lat' dir='ltr'><strong>relinquas.</strong></span> 
     </span>
    </p>

    <p class='ocr_par' dir='ltr' id='par_1_4' title="bbox 101 830 1106 996">
     <span class='ocr_line' id='line_1_7' title="bbox 101 830 1106 911; baseline 0.009 -26"><span class='ocrx_word' id='word_1_40' title='bbox 101 834 157 887; x_wconf 87' lang='grc'><strong>655</strong></span> <span class='ocrx_word' id='word_1_41' title='bbox 170 831 310 908; x_wconf 87' lang='lat' dir='ltr'><strong>numquis</strong></span> <span class='ocrx_word' id='word_1_42' title='bbox 333 830 413 889; x_wconf 91' lang='lat' dir='ltr'><strong>enim</strong></span> <span class='ocrx_word' id='word_1_43' title='bbox 435 837 570 890; x_wconf 91' lang='lat' dir='ltr'><strong>nostrum</strong></span> <span class='ocrx_word' id='word_1_44' title='bbox 591 831 730 911; x_wconf 87' lang='lat' dir='ltr'><strong>miratur,</strong></span> <span class='ocrx_word' id='word_1_45' title='bbox 754 832 848 910; x_wconf 91' lang='lat' dir='ltr'><strong>siquis</strong></span> <span class='ocrx_word' id='word_1_46' title='bbox 870 833 902 892; x_wconf 92' lang='lat' dir='ltr'><strong>in</strong></span> <span class='ocrx_word' id='word_1_47' title='bbox 925 838 1006 892; x_wconf 92' lang='lat' dir='ltr'><strong>artus</strong></span> <span class='ocrx_word' id='word_1_48' title='bbox 1067 853 1106 895; x_wconf 80' lang='lat' dir='ltr'><strong>aso</strong></span> 
     </span>
     <span class='ocr_line' id='line_1_8' title="bbox 173 916 824 996; baseline 0.002 -18"><span class='ocrx_word' id='word_1_49' title='bbox 173 919 287 996; x_wconf 91' lang='lat' dir='ltr'><strong>accepit</strong></span> <span class='ocrx_word' id='word_1_50' title='bbox 308 916 402 977; x_wconf 89' lang='lat' dir='ltr'><strong>calido</strong></span> <span class='ocrx_word' id='word_1_51' title='bbox 425 916 532 978; x_wconf 85' lang='lat' dir='ltr'><strong>febrim</strong></span> <span class='ocrx_word' id='word_1_52' title='bbox 554 918 669 979; x_wconf 86' lang='lat' dir='ltr'><strong>fervore</strong></span> <span class='ocrx_word' id='word_1_53' title='bbox 693 925 824 979; x_wconf 76' lang='lat' dir='ltr'><strong>coortam</strong></span> 
     </span>
    </p>

    <p class='ocr_par' dir='ltr' id='par_1_5' title="bbox 102 1003 1018 1263">
     <span class='ocr_line' id='line_1_9' title="bbox 102 1003 1018 1086; baseline -0.005 -15"><span class='ocrx_word' id='word_1_54' title='bbox 102 1020 154 1071; x_wconf 87' lang='grc'><strong>660</strong></span> <span class='ocrx_word' id='word_1_55' title='bbox 173 1011 225 1066; x_wconf 91' lang='lat' dir='ltr'><strong>aut</strong></span> <span class='ocrx_word' id='word_1_56' title='bbox 247 1004 337 1066; x_wconf 89' lang='lat' dir='ltr'><strong>alium</strong></span> <span class='ocrx_word' id='word_1_57' title='bbox 360 1008 493 1084; x_wconf 86' lang='lat' dir='ltr'><strong>quemvis</strong></span> <span class='ocrx_word' id='word_1_58' title='bbox 515 1004 613 1067; x_wconf 89' lang='lat' dir='ltr'><strong>morbi</strong></span> <span class='ocrx_word' id='word_1_59' title='bbox 634 1024 689 1086; x_wconf 89' lang='lat' dir='ltr'><strong>per</strong></span> <span class='ocrx_word' id='word_1_60' title='bbox 710 1006 843 1068; x_wconf 90' lang='lat' dir='ltr'><strong>membra</strong></span> <span class='ocrx_word' id='word_1_61' title='bbox 865 1003 1018 1068; x_wconf 77' lang='lat' dir='ltr'><strong>dolorem?</strong></span> 
     </span>
     <span class='ocr_line' id='line_1_10' title="bbox 173 1094 883 1175; baseline 0.003 -21"><span class='ocrx_word' id='word_1_62' title='bbox 173 1095 354 1174; x_wconf 78' lang='lat' dir='ltr'><strong>opturgescit</strong></span> <span class='ocrx_word' id='word_1_63' title='bbox 377 1096 456 1154; x_wconf 90' lang='lat' dir='ltr'><strong>enim</strong></span> <span class='ocrx_word' id='word_1_64' title='bbox 479 1094 577 1155; x_wconf 90' lang='lat' dir='ltr'><strong>subito</strong></span> <span class='ocrx_word' id='word_1_65' title='bbox 599 1112 665 1175; x_wconf 89' lang='lat' dir='ltr'><strong>pes,</strong></span> <span class='ocrx_word' id='word_1_66' title='bbox 689 1097 793 1174; x_wconf 84' lang='lat' dir='ltr'><strong>arripit</strong></span> <span class='ocrx_word' id='word_1_67' title='bbox 815 1113 883 1156; x_wconf 88' lang='lat' dir='ltr'><strong>acer</strong></span> 
     </span>
     <span class='ocr_line' id='line_1_11' title="bbox 173 1181 932 1263; baseline 0.001 -21"><span class='ocrx_word' id='word_1_68' title='bbox 173 1201 261 1262; x_wconf 90' lang='lat' dir='ltr'><strong>saepe</strong></span> <span class='ocrx_word' id='word_1_69' title='bbox 284 1181 368 1242; x_wconf 87' lang='lat' dir='ltr'><strong>dolor</strong></span> <span class='ocrx_word' id='word_1_70' title='bbox 390 1182 507 1263; x_wconf 85' lang='lat' dir='ltr'><strong>dentes,</strong></span> <span class='ocrx_word' id='word_1_71' title='bbox 529 1182 630 1244; x_wconf 91' lang='lat' dir='ltr'><strong>oculos</strong></span> <span class='ocrx_word' id='word_1_72' title='bbox 652 1183 763 1243; x_wconf 85' lang='lat' dir='ltr'><strong>invadit</strong></span> <span class='ocrx_word' id='word_1_73' title='bbox 785 1186 816 1243; x_wconf 92' lang='lat' dir='ltr'><strong>in</strong></span> <span class='ocrx_word' id='word_1_74' title='bbox 838 1185 932 1263; x_wconf 86' lang='lat' dir='ltr'><strong>ipsos,</strong></span> 
     </span>
    </p>

    <p class='ocr_par' dir='ltr' id='par_1_6' title="bbox 102 1272 1107 1441">
     <span class='ocr_line' id='line_1_12' title="bbox 102 1272 1107 1351; baseline 0.004 -21"><span class='ocrx_word' id='word_1_75' title='bbox 102 1277 159 1329; x_wconf 89' lang='grc'><strong>660</strong></span> <span class='ocrx_word' id='word_1_76' title='bbox 173 1273 274 1331; x_wconf 83' lang='lat' dir='ltr'><strong>existit</strong></span> <span class='ocrx_word' id='word_1_77' title='bbox 297 1288 381 1331; x_wconf 85' lang='lat' dir='ltr'><strong>sacer</strong></span> <span class='ocrx_word' id='word_1_78' title='bbox 403 1272 480 1350; x_wconf 81' lang='lat' dir='ltr'><strong>ignis</strong></span> <span class='ocrx_word' id='word_1_79' title='bbox 504 1278 534 1331; x_wconf 92' lang='lat' dir='ltr'><strong>et</strong></span> <span class='ocrx_word' id='word_1_80' title='bbox 555 1273 616 1333; x_wconf 92' lang='lat' dir='ltr'><strong>urit</strong></span> <span class='ocrx_word' id='word_1_81' title='bbox 638 1289 762 1350; x_wconf 87' lang='lat' dir='ltr'><strong>corpore</strong></span> <span class='ocrx_word' id='word_1_82' title='bbox 785 1289 907 1351; x_wconf 91' lang='lat' dir='ltr'><strong>serpens</strong></span> <span class='ocrx_word' id='word_1_83' title='bbox 1067 1294 1107 1334; x_wconf 82' lang='lat' dir='ltr'><strong>aso</strong></span> 
     </span>
     <span class='ocr_line' id='line_1_13' title="bbox 174 1361 1018 1441; baseline 0 -21"><span class='ocrx_word' id='word_1_84' title='bbox 174 1377 387 1438; x_wconf 89' lang='lat' dir='ltr'><strong>quamcumque</strong></span> <span class='ocrx_word' id='word_1_85' title='bbox 411 1361 536 1438; x_wconf 92' lang='lat' dir='ltr'><strong>arripuit</strong></span> <span class='ocrx_word' id='word_1_86' title='bbox 557 1361 664 1439; x_wconf 89' lang='lat' dir='ltr'><strong>partim</strong></span> <span class='ocrx_word' id='word_1_87' title='bbox 687 1361 824 1439; x_wconf 88' lang='lat' dir='ltr'><strong>repitque</strong></span> <span class='ocrx_word' id='word_1_88' title='bbox 846 1378 900 1438; x_wconf 90' lang='lat' dir='ltr'><strong>per</strong></span> <span class='ocrx_word' id='word_1_89' title='bbox 923 1368 1018 1441; x_wconf 86' lang='lat' dir='ltr'><strong>artus,</strong></span> 
     </span>
    </p>

    <p class='ocr_par' dir='ltr' id='par_1_7' title="bbox 102 1446 991 1704">
     <span class='ocr_line' id='line_1_14' title="bbox 102 1446 961 1528; baseline -0.007 -14"><span class='ocrx_word' id='word_1_90' title='bbox 102 1461 153 1513; x_wconf 88' lang='grc'><strong>665</strong></span> <span class='ocrx_word' id='word_1_91' title='bbox 173 1450 326 1528; x_wconf 85' lang='lat' dir='ltr'><strong>nimirum,</strong></span> <span class='ocrx_word' id='word_1_92' title='bbox 350 1448 418 1526; x_wconf 86' lang='lat' dir='ltr'><strong>quia</strong></span> <span class='ocrx_word' id='word_1_93' title='bbox 441 1454 510 1507; x_wconf 91' lang='lat' dir='ltr'><strong>sunt</strong></span> <span class='ocrx_word' id='word_1_94' title='bbox 531 1446 691 1508; x_wconf 91' lang='lat' dir='ltr'><strong>multarum</strong></span> <span class='ocrx_word' id='word_1_95' title='bbox 714 1450 826 1508; x_wconf 89' lang='lat' dir='ltr'><strong>semina</strong></span> <span class='ocrx_word' id='word_1_96' title='bbox 849 1465 961 1528; x_wconf 83' lang='lat' dir='ltr'><strong>rerum,</strong></span> 
     </span>
     <span class='ocr_line' id='line_1_15' title="bbox 174 1534 991 1616; baseline -0.001 -19"><span class='ocrx_word' id='word_1_97' title='bbox 174 1544 204 1597; x_wconf 92' lang='lat' dir='ltr'><strong>et</strong></span> <span class='ocrx_word' id='word_1_98' title='bbox 226 1538 298 1597; x_wconf 91' lang='lat' dir='ltr'><strong>satis</strong></span> <span class='ocrx_word' id='word_1_99' title='bbox 319 1535 392 1596; x_wconf 90' lang='lat' dir='ltr'><strong>haec</strong></span> <span class='ocrx_word' id='word_1_100' title='bbox 414 1534 502 1596; x_wconf 90' lang='lat' dir='ltr'><strong>tellus</strong></span> <span class='ocrx_word' id='word_1_101' title='bbox 525 1535 611 1597; x_wconf 91' lang='lat' dir='ltr'><strong>nobis</strong></span> <span class='ocrx_word' id='word_1_102' title='bbox 634 1535 806 1616; x_wconf 90' lang='lat' dir='ltr'><strong>caelumque</strong></span> <span class='ocrx_word' id='word_1_103' title='bbox 828 1535 898 1596; x_wconf 93' lang='lat' dir='ltr'><strong>mali</strong></span> <span class='ocrx_word' id='word_1_104' title='bbox 920 1536 991 1616; x_wconf 80' lang='lat' dir='ltr'><strong>fort,</strong></span> 
     </span>
     <span class='ocr_line' id='line_1_16' title="bbox 172 1622 928 1704; baseline 0 -19"><span class='ocrx_word' id='word_1_105' title='bbox 172 1625 251 1686; x_wconf 88' lang='lat' dir='ltr'><strong>undo</strong></span> <span class='ocrx_word' id='word_1_106' title='bbox 274 1631 363 1704; x_wconf 88' lang='lat' dir='ltr'><strong>queat</strong></span> <span class='ocrx_word' id='word_1_107' title='bbox 384 1625 429 1684; x_wconf 92' lang='lat' dir='ltr'><strong>vis</strong></span> <span class='ocrx_word' id='word_1_108' title='bbox 452 1626 590 1684; x_wconf 91' lang='lat' dir='ltr'><strong>immensi</strong></span> <span class='ocrx_word' id='word_1_109' title='bbox 611 1642 802 1703; x_wconf 83' lang='lat' dir='ltr'><strong>procrescere</strong></span> <span class='ocrx_word' id='word_1_110' title='bbox 824 1622 928 1685; x_wconf 88' lang='lat' dir='ltr'><strong>morbi</strong></span> 
     </span>
    </p>

    <p class='ocr_par' dir='ltr' id='par_1_8' title="bbox 101 1711 1106 1881">
     <span class='ocr_line' id='line_1_17' title="bbox 101 1711 1106 1792; baseline 0.004 -20"><span class='ocrx_word' id='word_1_111' title='bbox 101 1719 156 1772; x_wconf 88' lang='grc'><strong>665</strong></span> <span class='ocrx_word' id='word_1_112' title='bbox 172 1716 215 1774; x_wconf 88' lang='grc'><strong>616</strong></span> <span class='ocrx_word' id='word_1_113' title='bbox 238 1715 329 1792; x_wconf 85' lang='lat' dir='ltr'><strong>igitur</strong></span> <span class='ocrx_word' id='word_1_114' title='bbox 350 1714 406 1773; x_wconf 91' lang='lat' dir='ltr'><strong>toti</strong></span> <span class='ocrx_word' id='word_1_115' title='bbox 428 1711 508 1772; x_wconf 89' lang='lat' dir='ltr'><strong>caelo</strong></span> <span class='ocrx_word' id='word_1_116' title='bbox 530 1720 686 1790; x_wconf 87' lang='lat' dir='ltr'><strong>terraeque</strong></span> <span class='ocrx_word' id='word_1_117' title='bbox 708 1712 899 1791; x_wconf 89' lang='lat' dir='ltr'><strong>putandumst</strong></span> <span class='ocrx_word' id='word_1_118' title='bbox 1066 1733 1106 1776; x_wconf 83' lang='grc'><strong>666</strong></span> 
     </span>
     <span class='ocr_line' id='line_1_18' title="bbox 173 1801 787 1881; baseline -0.003 -18"><span class='ocrx_word' id='word_1_119' title='bbox 173 1820 209 1863; x_wconf 81' lang='lat' dir='ltr'><strong>ex</strong></span> <span class='ocrx_word' id='word_1_120' title='bbox 231 1801 346 1862; x_wconf 86' lang='lat' dir='ltr'><strong>infinito</strong></span> <span class='ocrx_word' id='word_1_121' title='bbox 370 1801 441 1860; x_wconf 91' lang='lat' dir='ltr'><strong>satis</strong></span> <span class='ocrx_word' id='word_1_122' title='bbox 465 1803 562 1860; x_wconf 91' lang='lat' dir='ltr'><strong>omnia</strong></span> <span class='ocrx_word' id='word_1_123' title='bbox 585 1801 787 1881; x_wconf 88' lang='lat' dir='ltr'><strong>suppeditare,</strong></span> 
     </span>
    </p>

    <p class='ocr_par' dir='ltr' id='par_1_9' title="bbox 101 1888 1028 2146">
     <span class='ocr_line' id='line_1_19' title="bbox 101 1888 917 1967; baseline -0.006 -13"><span class='ocrx_word' id='word_1_124' title='bbox 101 1907 154 1956; x_wconf 90' lang='grc'><strong>660</strong></span> <span class='ocrx_word' id='word_1_125' title='bbox 172 1889 251 1952; x_wconf 92' lang='lat' dir='ltr'><strong>unde</strong></span> <span class='ocrx_word' id='word_1_126' title='bbox 273 1895 395 1967; x_wconf 91' lang='lat' dir='ltr'><strong>repente</strong></span> <span class='ocrx_word' id='word_1_127' title='bbox 419 1893 508 1966; x_wconf 90' lang='lat' dir='ltr'><strong>queat</strong></span> <span class='ocrx_word' id='word_1_128' title='bbox 528 1888 616 1950; x_wconf 90' lang='lat' dir='ltr'><strong>tellus</strong></span> <span class='ocrx_word' id='word_1_129' title='bbox 640 1905 782 1950; x_wconf 91' lang='lat' dir='ltr'><strong>concussa</strong></span> <span class='ocrx_word' id='word_1_130' title='bbox 804 1890 917 1949; x_wconf 87' lang='lat' dir='ltr'><strong>moveri</strong></span> 
     </span>
     <span class='ocr_line' id='line_1_20' title="bbox 172 1975 1028 2058; baseline -0.004 -19"><span class='ocrx_word' id='word_1_131' title='bbox 172 1996 284 2058; x_wconf 91' lang='lat' dir='ltr'><strong>perque</strong></span> <span class='ocrx_word' id='word_1_132' title='bbox 306 1994 388 2037; x_wconf 91' lang='lat' dir='ltr'><strong>mare</strong></span> <span class='ocrx_word' id='word_1_133' title='bbox 411 1994 445 2036; x_wconf 88' lang='lat' dir='ltr'><strong>ao</strong></span> <span class='ocrx_word' id='word_1_134' title='bbox 466 1983 562 2036; x_wconf 88' lang='lat' dir='ltr'><strong>terras</strong></span> <span class='ocrx_word' id='word_1_135' title='bbox 584 1976 705 2055; x_wconf 85' lang='lat' dir='ltr'><strong>rapidus</strong></span> <span class='ocrx_word' id='word_1_136' title='bbox 727 1994 903 2057; x_wconf 87' lang='lat' dir='ltr'><strong>percurrere</strong></span> <span class='ocrx_word' id='word_1_137' title='bbox 925 1975 1028 2057; x_wconf 85' lang='lat' dir='ltr'><strong>turbo,</strong></span> 
     </span>
     <span class='ocr_line' id='line_1_21' title="bbox 173 2063 977 2146; baseline -0.001 -20"><span class='ocrx_word' id='word_1_138' title='bbox 173 2068 251 2146; x_wconf 81' lang='lat' dir='ltr'><strong>ignis</strong></span> <span class='ocrx_word' id='word_1_139' title='bbox 273 2064 422 2126; x_wconf 88' lang='lat' dir='ltr'><strong>abundare</strong></span> <span class='ocrx_word' id='word_1_140' title='bbox 445 2064 603 2145; x_wconf 78' lang='lat' dir='ltr'><strong>Aetnaeus,</strong></span> <span class='ocrx_word' id='word_1_141' title='bbox 626 2064 828 2126; x_wconf 87' lang='lat' dir='ltr'><strong>flammescere</strong></span> <span class='ocrx_word' id='word_1_142' title='bbox 850 2063 977 2126; x_wconf 88' lang='lat' dir='ltr'><strong>caelum:</strong></span> 
     </span>
    </p>

    <p class='ocr_par' dir='ltr' id='par_1_10' title="bbox 101 2151 1105 2320">
     <span class='ocr_line' id='line_1_22' title="bbox 101 2151 1105 2235; baseline 0.002 -22"><span class='ocrx_word' id='word_1_143' title='bbox 101 2161 158 2213; x_wconf 80' lang='lat'><strong>670</strong></span> <span class='ocrx_word' id='word_1_144' title='bbox 174 2155 204 2215; x_wconf 87' lang='lat' dir='ltr'><strong>id</strong></span> <span class='ocrx_word' id='word_1_145' title='bbox 227 2170 344 2233; x_wconf 86' lang='lat' dir='ltr'><strong>quoque</strong></span> <span class='ocrx_word' id='word_1_146' title='bbox 367 2154 448 2212; x_wconf 92' lang='lat' dir='ltr'><strong>enim</strong></span> <span class='ocrx_word' id='word_1_147' title='bbox 470 2153 516 2233; x_wconf 85' lang='grc'><strong><em>111,</em></strong></span> <span class='ocrx_word' id='word_1_148' title='bbox 539 2160 570 2214; x_wconf 89' lang='grc'><strong>61</strong></span> <span class='ocrx_word' id='word_1_149' title='bbox 591 2152 749 2214; x_wconf 87' lang='lat' dir='ltr'><strong>ardescunt</strong></span> <span class='ocrx_word' id='word_1_150' title='bbox 770 2151 909 2214; x_wconf 89' lang='lat' dir='ltr'><strong>caelestia</strong></span> <span class='ocrx_word' id='word_1_151' title='bbox 930 2152 1051 2235; x_wconf 80' lang='lat' dir='ltr'><strong>templa3</strong></span> <span class='ocrx_word' id='word_1_152' title='bbox 1065 2175 1105 2216; x_wconf 82' lang='lat' dir='ltr'><strong>oro</strong></span> 
     </span>
     <span class='ocr_line' id='line_1_23' title="bbox 173 2239 835 2320; baseline -0.005 -16"><span class='ocrx_word' id='word_1_153' title='bbox 173 2250 203 2304; x_wconf 94' lang='lat' dir='ltr'><strong>et</strong></span> <span class='ocrx_word' id='word_1_154' title='bbox 224 2247 415 2319; x_wconf 91' lang='lat' dir='ltr'><strong>tempestates</strong></span> <span class='ocrx_word' id='word_1_155' title='bbox 437 2239 552 2319; x_wconf 87' lang='lat' dir='ltr'><strong>pluviae</strong></span> <span class='ocrx_word' id='word_1_156' title='bbox 575 2243 707 2320; x_wconf 82' lang='lat' dir='ltr'><strong>graviore</strong></span> <span class='ocrx_word' id='word_1_157' title='bbox 731 2247 835 2302; x_wconf 89' lang='lat' dir='ltr'><strong>coortu</strong></span> 
     </span>
    </p>

    <p class='ocr_par' dir='ltr' id='par_1_11' title="bbox 102 2327 1037 2586">
     <span class='ocr_line' id='line_1_24' title="bbox 102 2327 1037 2411; baseline -0.011 -12"><span class='ocrx_word' id='word_1_158' title='bbox 102 2337 255 2411; x_wconf 70' lang='lat' dir='ltr'><strong>bearunt,</strong></span> <span class='ocrx_word' id='word_1_159' title='bbox 278 2328 330 2389; x_wconf 93' lang='lat' dir='ltr'><strong>ubi</strong></span> <span class='ocrx_word' id='word_1_160' title='bbox 351 2329 427 2390; x_wconf 85' lang='lat' dir='ltr'><strong>forte</strong></span> <span class='ocrx_word' id='word_1_161' title='bbox 450 2330 491 2389; x_wconf 87' lang='lat' dir='ltr'><strong>ita</strong></span> <span class='ocrx_word' id='word_1_162' title='bbox 513 2347 545 2390; x_wconf 91' lang='lat' dir='ltr'><strong>se</strong></span> <span class='ocrx_word' id='word_1_163' title='bbox 567 2327 730 2390; x_wconf 91' lang='lat' dir='ltr'><strong>tetulerunt</strong></span> <span class='ocrx_word' id='word_1_164' title='bbox 752 2331 863 2389; x_wconf 90' lang='lat' dir='ltr'><strong>semina</strong></span> <span class='ocrx_word' id='word_1_165' title='bbox 887 2346 1037 2407; x_wconf 86' lang='lat' dir='ltr'><strong>aquarum.</strong></span> 
     </span>
     <span class='ocr_line' id='line_1_25' title="bbox 172 2410 951 2495; baseline -0.004 -16"><span class='ocrx_word' id='word_1_166' title='bbox 172 2414 214 2479; x_wconf 74' lang='lat' dir='ltr'><strong>‘at</strong></span> <span class='ocrx_word' id='word_1_167' title='bbox 235 2419 324 2477; x_wconf 90' lang='lat' dir='ltr'><strong>nimis</strong></span> <span class='ocrx_word' id='word_1_168' title='bbox 348 2423 394 2477; x_wconf 89' lang='lat' dir='ltr'><strong>est</strong></span> <span class='ocrx_word' id='word_1_169' title='bbox 416 2419 520 2495; x_wconf 86' lang='lat' dir='ltr'><strong>ingens</strong></span> <span class='ocrx_word' id='word_1_170' title='bbox 542 2417 661 2478; x_wconf 90' lang='lat' dir='ltr'><strong>incendi</strong></span> <span class='ocrx_word' id='word_1_171' title='bbox 682 2415 820 2478; x_wconf 89' lang='lat' dir='ltr'><strong>turbidus</strong></span> <span class='ocrx_word' id='word_1_172' title='bbox 842 2410 951 2477; x_wconf 69' lang='lat' dir='ltr'><strong>ardor?</strong></span> 
     </span>
     <span class='ocr_line' id='line_1_26' title="bbox 173 2504 976 2586; baseline -0.004 -18"><span class='ocrx_word' id='word_1_173' title='bbox 173 2506 299 2586; x_wconf 89' lang='lat' dir='ltr'><strong>scilicet,</strong></span> <span class='ocrx_word' id='word_1_174' title='bbox 322 2512 353 2566; x_wconf 90' lang='lat' dir='ltr'><strong>et</strong></span> <span class='ocrx_word' id='word_1_175' title='bbox 374 2504 482 2566; x_wconf 87' lang='lat' dir='ltr'><strong>fluvius</strong></span> <span class='ocrx_word' id='word_1_176' title='bbox 504 2507 556 2584; x_wconf 93' lang='lat' dir='ltr'><strong>qui</strong></span> <span class='ocrx_word' id='word_1_177' title='bbox 577 2507 658 2566; x_wconf 86' lang='lat' dir='ltr'><strong>visus</strong></span> <span class='ocrx_word' id='word_1_178' title='bbox 680 2505 817 2566; x_wconf 83' lang='lat' dir='ltr'><strong>maximu’</strong></span> <span class='ocrx_word' id='word_1_179' title='bbox 840 2507 976 2584; x_wconf 92' lang='lat' dir='ltr'><strong>cuiquest</strong></span> 
     </span>
    </p>

    <p class='ocr_par' dir='ltr' id='par_1_12' title="bbox 595 2611 612 2650">
     <span class='ocr_line' id='line_1_27' title="bbox 595 2611 612 2650; baseline 0 -6"><span class='ocrx_word' id='word_1_180' title='bbox 595 2611 612 2650; x_wconf 56' lang='grc' dir='ltr'><strong><em>ᾖ</em></strong></span> 
     </span>
    </p>

    <p class='ocr_par' dir='ltr' id='par_1_13' title="bbox 101 2680 1106 2849">
     <span class='ocr_line' id='line_1_28' title="bbox 101 2680 1106 2762; baseline 0.001 -20"><span class='ocrx_word' id='word_1_181' title='bbox 101 2690 158 2743; x_wconf 82' lang='grc'><strong>675</strong></span> <span class='ocrx_word' id='word_1_182' title='bbox 174 2685 226 2762; x_wconf 91' lang='lat' dir='ltr'><strong>qui</strong></span> <span class='ocrx_word' id='word_1_183' title='bbox 248 2701 308 2743; x_wconf 92' lang='lat' dir='ltr'><strong>non</strong></span> <span class='ocrx_word' id='word_1_184' title='bbox 331 2689 397 2743; x_wconf 92' lang='lat' dir='ltr'><strong>ante</strong></span> <span class='ocrx_word' id='word_1_185' title='bbox 421 2680 549 2759; x_wconf 89' lang='lat' dir='ltr'><strong>aliquem</strong></span> <span class='ocrx_word' id='word_1_186' title='bbox 570 2683 712 2741; x_wconf 90' lang='lat' dir='ltr'><strong>maiorem</strong></span> <span class='ocrx_word' id='word_1_187' title='bbox 734 2681 820 2761; x_wconf 83' lang='lat' dir='ltr'><strong>vidit,</strong></span> <span class='ocrx_word' id='word_1_188' title='bbox 843 2688 873 2742; x_wconf 94' lang='lat' dir='ltr'><strong>et</strong></span> <span class='ocrx_word' id='word_1_189' title='bbox 895 2683 1000 2758; x_wconf 85' lang='lat' dir='ltr'><strong>ingens</strong></span> <span class='ocrx_word' id='word_1_190' title='bbox 1067 2701 1106 2743; x_wconf 81' lang='lat' dir='ltr'><strong>cro</strong></span> 
     </span>
     <span class='ocr_line' id='line_1_29' title="bbox 173 2768 1045 2849; baseline -0.005 -17"><span class='ocrx_word' id='word_1_191' title='bbox 173 2770 261 2832; x_wconf 90' lang='lat' dir='ltr'><strong>arbor</strong></span> <span class='ocrx_word' id='word_1_192' title='bbox 282 2770 429 2848; x_wconf 91' lang='lat' dir='ltr'><strong>homoque</strong></span> <span class='ocrx_word' id='word_1_193' title='bbox 451 2768 580 2849; x_wconf 84' lang='lat' dir='ltr'><strong>videtur,</strong></span> <span class='ocrx_word' id='word_1_194' title='bbox 603 2776 633 2829; x_wconf 92' lang='grc'><strong>61</strong></span> <span class='ocrx_word' id='word_1_195' title='bbox 655 2771 752 2829; x_wconf 90' lang='lat' dir='ltr'><strong>omnia</strong></span> <span class='ocrx_word' id='word_1_196' title='bbox 775 2768 811 2828; x_wconf 91' lang='lat' dir='ltr'><strong>de</strong></span> <span class='ocrx_word' id='word_1_197' title='bbox 833 2786 941 2846; x_wconf 85' lang='lat' dir='ltr'><strong>genere</strong></span> <span class='ocrx_word' id='word_1_198' title='bbox 964 2769 1045 2828; x_wconf 91' lang='lat' dir='ltr'><strong>omni</strong></span> 
     </span>
    </p>

    <p class='ocr_par' dir='ltr' id='par_1_14' title="bbox 102 2855 1018 3023">
     <span class='ocr_line' id='line_1_30' title="bbox 102 2855 1018 2937; baseline -0.005 -17"><span class='ocrx_word' id='word_1_199' title='bbox 102 2876 154 2926; x_wconf 76' lang='lat' dir='ltr'><strong>oro</strong></span> <span class='ocrx_word' id='word_1_200' title='bbox 172 2861 298 2920; x_wconf 82' lang='lat' dir='ltr'><strong>maxima</strong></span> <span class='ocrx_word' id='word_1_201' title='bbox 321 2876 394 2937; x_wconf 88' lang='lat' dir='ltr'><strong>quae</strong></span> <span class='ocrx_word' id='word_1_202' title='bbox 418 2856 492 2918; x_wconf 87' lang='lat' dir='ltr'><strong>vidit</strong></span> <span class='ocrx_word' id='word_1_203' title='bbox 514 2859 652 2936; x_wconf 87' lang='lat' dir='ltr'><strong>quisquc,</strong></span> <span class='ocrx_word' id='word_1_204' title='bbox 673 2855 747 2917; x_wconf 91' lang='lat' dir='ltr'><strong>baec</strong></span> <span class='ocrx_word' id='word_1_205' title='bbox 768 2857 899 2934; x_wconf 85' lang='lat' dir='ltr'><strong>ingentia</strong></span> <span class='ocrx_word' id='word_1_206' title='bbox 921 2856 1018 2936; x_wconf 84' lang='lat' dir='ltr'><strong>tingit,</strong></span> 
     </span>
     <span class='ocr_line' id='line_1_31' title="bbox 172 2943 991 3023; baseline -0.005 -15"><span class='ocrx_word' id='word_1_207' title='bbox 172 2965 240 3008; x_wconf 92' lang='lat' dir='ltr'><strong>cum</strong></span> <span class='ocrx_word' id='word_1_208' title='bbox 262 2952 361 3007; x_wconf 87' lang='lat' dir='ltr'><strong>tamen</strong></span> <span class='ocrx_word' id='word_1_209' title='bbox 383 2947 481 3006; x_wconf 92' lang='lat' dir='ltr'><strong>omnia</strong></span> <span class='ocrx_word' id='word_1_210' title='bbox 503 2962 571 3006; x_wconf 91' lang='lat' dir='ltr'><strong>cum</strong></span> <span class='ocrx_word' id='word_1_211' title='bbox 594 2943 674 3005; x_wconf 88' lang='lat' dir='ltr'><strong>caelo</strong></span> <span class='ocrx_word' id='word_1_212' title='bbox 697 2951 835 3023; x_wconf 91' lang='lat' dir='ltr'><strong>terraque</strong></span> <span class='ocrx_word' id='word_1_213' title='bbox 857 2945 991 3022; x_wconf 91' lang='lat' dir='ltr'><strong>marique</strong></span> 
     </span>
    </p>

    <p class='ocr_par' dir='ltr' id='par_1_15' title="bbox 128 3033 932 3096">
     <span class='ocr_line' id='line_1_32' title="bbox 128 3033 932 3096; baseline -0.007 0"><span class='ocrx_word' id='word_1_214' title='bbox 128 3078 130 3081; x_wconf 90' lang='lat'>-</span> <span class='ocrx_word' id='word_1_215' title='bbox 171 3035 214 3096; x_wconf 91' lang='lat' dir='ltr'><strong>nil</strong></span> <span class='ocrx_word' id='word_1_216' title='bbox 237 3037 298 3096; x_wconf 92' lang='lat' dir='ltr'><strong>sint</strong></span> <span class='ocrx_word' id='word_1_217' title='bbox 320 3034 355 3094; x_wconf 87' lang='lat' dir='ltr'><strong>ad</strong></span> <span class='ocrx_word' id='word_1_218' title='bbox 379 3051 523 3095; x_wconf 91' lang='lat' dir='ltr'><strong>summam</strong></span> <span class='ocrx_word' id='word_1_219' title='bbox 546 3034 671 3093; x_wconf 91' lang='lat' dir='ltr'><strong>summai</strong></span> <span class='ocrx_word' id='word_1_220' title='bbox 692 3033 784 3092; x_wconf 92' lang='lat' dir='ltr'><strong>totius</strong></span> <span class='ocrx_word' id='word_1_221' title='bbox 808 3048 932 3091; x_wconf 91' lang='lat' dir='ltr'><strong>omnem.</strong></span> 
     </span>
    </p>

    <p class='ocr_par' dir='ltr' id='par_1_16' title="bbox 101 3119 1106 3200">
     <span class='ocr_line' id='line_1_33' title="bbox 101 3119 1106 3200; baseline 0.001 -18"><span class='ocrx_word' id='word_1_222' title='bbox 101 3131 158 3182; x_wconf 87' lang='grc'><strong>660</strong></span> <span class='ocrx_word' id='word_1_223' title='bbox 214 3122 301 3183; x_wconf 88' lang='lat' dir='ltr'><strong>Nunc</strong></span> <span class='ocrx_word' id='word_1_224' title='bbox 322 3129 422 3184; x_wconf 91' lang='lat' dir='ltr'><strong>tamen</strong></span> <span class='ocrx_word' id='word_1_225' title='bbox 444 3121 494 3181; x_wconf 90' lang='grc'><strong><em>1116</em></strong></span> <span class='ocrx_word' id='word_1_226' title='bbox 516 3120 611 3182; x_wconf 90' lang='lat' dir='ltr'><strong>modis</strong></span> <span class='ocrx_word' id='word_1_227' title='bbox 635 3119 742 3200; x_wconf 91' lang='lat' dir='ltr'><strong>quibus</strong></span> <span class='ocrx_word' id='word_1_228' title='bbox 764 3121 885 3180; x_wconf 88' lang='lat' dir='ltr'><strong>inritata</strong></span> <span class='ocrx_word' id='word_1_229' title='bbox 906 3126 1028 3199; x_wconf 86' lang='lat' dir='ltr'><strong>repente</strong></span> <span class='ocrx_word' id='word_1_230' title='bbox 1066 3142 1106 3183; x_wconf 81' lang='lat' dir='ltr'><strong>oso</strong></span> 
     </span>
    </p>

    <p class='ocr_par' dir='ltr' id='par_1_17' title="bbox 171 3206 940 3289">
     <span class='ocr_line' id='line_1_34' title="bbox 171 3206 940 3289; baseline -0.005 -17"><span class='ocrx_word' id='word_1_231' title='bbox 171 3211 288 3272; x_wconf 87' lang='lat' dir='ltr'><strong>flamma</strong></span> <span class='ocrx_word' id='word_1_232' title='bbox 309 3211 388 3272; x_wconf 78' lang='lat' dir='ltr'><strong>toras</strong></span> <span class='ocrx_word' id='word_1_233' title='bbox 410 3212 501 3270; x_wconf 89' lang='lat' dir='ltr'><strong>rastis</strong></span> <span class='ocrx_word' id='word_1_234' title='bbox 523 3209 632 3270; x_wconf 78' lang='lat' dir='ltr'><strong>Aetnae</strong></span> <span class='ocrx_word' id='word_1_235' title='bbox 655 3208 825 3270; x_wconf 90' lang='lat' dir='ltr'><strong>fornacibus</strong></span> <span class='ocrx_word' id='word_1_236' title='bbox 848 3206 940 3289; x_wconf 87' lang='grc'><strong><em>611161,</em></strong></span> 
     </span>
    </p>
   </div>
   <div class='ocr_carea' id='block_1_3' title="bbox 99 3296 1119 3645">
    <p class='ocr_par' dir='ltr' id='par_1_18' title="bbox 99 3296 1119 3645">
     <span class='ocr_line' id='line_1_35' title="bbox 101 3296 892 3379; baseline -0.011 -14"><span class='ocrx_word' id='word_1_237' title='bbox 101 3315 152 3366; x_wconf 80' lang='lat' dir='ltr'><strong>ott</strong></span> <span class='ocrx_word' id='word_1_238' title='bbox 171 3300 333 3379; x_wconf 81' lang='lat' dir='ltr'><strong>expediam.</strong></span> <span class='ocrx_word' id='word_1_239' title='bbox 369 3301 498 3378; x_wconf 89' lang='lat' dir='ltr'><strong>primum</strong></span> <span class='ocrx_word' id='word_1_240' title='bbox 519 3300 611 3358; x_wconf 91' lang='lat' dir='ltr'><strong>totius</strong></span> <span class='ocrx_word' id='word_1_241' title='bbox 634 3296 760 3359; x_wconf 90' lang='lat' dir='ltr'><strong>subcava</strong></span> <span class='ocrx_word' id='word_1_242' title='bbox 782 3297 892 3358; x_wconf 91' lang='lat' dir='ltr'><strong>montis</strong></span> 
     </span>
     <span class='ocr_line' id='line_1_36' title="bbox 170 3384 887 3469; baseline -0.006 -20"><span class='ocrx_word' id='word_1_243' title='bbox 170 3396 217 3450; x_wconf 91' lang='lat' dir='ltr'><strong>est</strong></span> <span class='ocrx_word' id='word_1_244' title='bbox 239 3395 357 3469; x_wconf 82' lang='lat' dir='ltr'><strong>notura,</strong></span> <span class='ocrx_word' id='word_1_245' title='bbox 378 3387 441 3448; x_wconf 83' lang='lat' dir='ltr'><strong>fero</strong></span> <span class='ocrx_word' id='word_1_246' title='bbox 464 3386 580 3447; x_wconf 91' lang='lat' dir='ltr'><strong>silicum</strong></span> <span class='ocrx_word' id='word_1_247' title='bbox 603 3384 722 3446; x_wconf 82' lang='lat' dir='ltr'><strong>suffulta</strong></span> <span class='ocrx_word' id='word_1_248' title='bbox 744 3385 887 3447; x_wconf 87' lang='lat' dir='ltr'><strong>cavernis.</strong></span> 
     </span>
     <span class='ocr_line' id='line_1_37' title="bbox 170 3473 974 3555; baseline -0.005 -19"><span class='ocrx_word' id='word_1_249' title='bbox 170 3476 308 3538; x_wconf 91' lang='lat' dir='ltr'><strong>omnibus</strong></span> <span class='ocrx_word' id='word_1_250' title='bbox 331 3482 377 3536; x_wconf 94' lang='lat' dir='ltr'><strong>est</strong></span> <span class='ocrx_word' id='word_1_251' title='bbox 398 3493 487 3555; x_wconf 88' lang='lat' dir='ltr'><strong>porro</strong></span> <span class='ocrx_word' id='word_1_252' title='bbox 510 3476 542 3534; x_wconf 93' lang='lat' dir='ltr'><strong>in</strong></span> <span class='ocrx_word' id='word_1_253' title='bbox 564 3473 712 3553; x_wconf 89' lang='lat' dir='ltr'><strong>speluncis</strong></span> <span class='ocrx_word' id='word_1_254' title='bbox 734 3481 840 3535; x_wconf 85' lang='lat' dir='ltr'><strong>ventus</strong></span> <span class='ocrx_word' id='word_1_255' title='bbox 863 3480 893 3534; x_wconf 93' lang='lat' dir='ltr'><strong>et</strong></span> <span class='ocrx_word' id='word_1_256' title='bbox 915 3476 974 3532; x_wconf 80' lang='lat' dir='ltr'><strong>aer.</strong></span> 
     </span>
     <span class='ocr_line' id='line_1_38' title="bbox 99 3561 1119 3645; baseline -0.005 -24"><span class='ocrx_word' id='word_1_257' title='bbox 99 3571 155 3623; x_wconf 82' lang='lat'><strong>685</strong></span> <span class='ocrx_word' id='word_1_258' title='bbox 168 3572 273 3626; x_wconf 89' lang='lat' dir='ltr'><strong>ventus</strong></span> <span class='ocrx_word' id='word_1_259' title='bbox 297 3566 376 3625; x_wconf 93' lang='lat' dir='ltr'><strong>enim</strong></span> <span class='ocrx_word' id='word_1_260' title='bbox 399 3565 445 3645; x_wconf 82' lang='lat' dir='ltr'><strong>ot,</strong></span> <span class='ocrx_word' id='word_1_261' title='bbox 466 3562 548 3624; x_wconf 91' lang='lat' dir='ltr'><strong>ubist</strong></span> <span class='ocrx_word' id='word_1_262' title='bbox 570 3561 705 3642; x_wconf 82' lang='lat' dir='ltr'><strong>agitando</strong></span> <span class='ocrx_word' id='word_1_263' title='bbox 728 3563 863 3641; x_wconf 86' lang='lat' dir='ltr'><strong>percitus</strong></span> <span class='ocrx_word' id='word_1_264' title='bbox 883 3565 953 3620; x_wconf 72' lang='lat' dir='ltr'><strong>atr.</strong></span> <span class='ocrx_word' id='word_1_265' title='bbox 1072 3580 1119 3616; x_wconf 63' lang='lat' dir='ltr'><strong>sss</strong></span> 
     </span>
    </p>
   </div>
   <div class='ocr_carea' id='block_1_4' title="bbox 0 0 1224 3998">
    <p class='ocr_par' dir='ltr' id='par_1_19' title="bbox 0 0 1224 3998">
     <span class='ocr_line' id='line_1_39' title="bbox 0 0 1224 3998; baseline 0 0"><span class='ocrx_word' id='word_1_266' title='bbox 0 0 1224 3998; x_wconf 95' lang='lat' dir='ltr'><strong> </strong></span> 
     </span>
    </p>
   </div>
  </div>
 </body>
</html>
