2438 3998
128 232 172 297 60
615 230 641 283 Π

217 383 248 437 01
270 394 344 455 0000
367 378 446 437 inter
468 393 501 436 se
524 374 596 435 dent
617 383 714 437 motus
738 377 955 457 accipiantque,

129 480 203 532 1010
216 482 290 525 neve
312 471 400 542 putes
423 469 543 525 aeterna
564 481 656 542 penes
679 462 812 524 residere
834 469 953 542 potesse
1085 477 1139 518 roro

218 570 343 631 corpora
365 553 475 632 prima,
497 551 576 630 quod
599 552 631 612 in
653 553 778 612 summis
801 551 918 612 fluitare
940 549 1075 611 ridemus

217 639 308 701 rebus
330 647 361 700 et
382 639 532 700 interdum
554 641 638 700 nasci
660 639 818 719 subitoque
840 640 949 718 perire.

130 743 200 794 1010
251 723 270 809 λ11
285 727 363 799 Quin
386 729 474 788 etiam
496 727 589 788 refert
609 730 721 788 nostris
744 729 776 788 in
798 726 934 788 versibus
956 729 1030 805 ipsis

218 833 286 876 cum
309 815 417 894 quibus
440 821 471 876 et
492 813 572 894 quali
595 817 655 875 sint
677 814 782 876 ordine
806 832 939 894 quaeque
961 814 1063 876 locata.

128 917 202 971 1015
217 921 345 983 namque
368 903 471 964 eadem
493 903 607 964 caelum
624 921 706 964 mare
723 909 819 964 terras
838 902 960 964 flumina
979 902 1071 963 solem
1086 916 1140 956 101⁵

218 992 388 1071 significant
409 990 514 1051 eadem
535 991 637 1071 fruges
660 990 780 1052 arbusta
803 992 974 1072 animantis,

218 1082 328 1140 sinon
351 1081 450 1140 omnia
473 1086 555 1160 sunt,
577 1085 607 1139 at
629 1078 721 1140 multo
745 1080 871 1139 maxima
893 1097 962 1158 pars
981 1086 1027 1140 est

131 1182 200 1234 1010
219 1166 396 1229 0000101111οε
419 1184 522 1227 verum
543 1169 676 1245 positura
699 1167 894 1246 discrepitant
915 1184 974 1228 res.

219 1257 262 1316 sic
285 1257 359 1334 ipsis
382 1256 414 1314 in
436 1253 528 1315 rebus
550 1256 622 1315 item
644 1257 704 1315 iam
726 1257 861 1315 materiai
1086 1268 1139 1308 1⁰1⁹

129 1360 202 1412 1011
218 1360 382 1404 concursus
404 1347 503 1402 motus
525 1341 598 1402 ordo
620 1345 754 1421 positura
776 1343 887 1420 figurae
1087 1357 1138 1397 100

219 1449 287 1492 cum
309 1436 528 1511 permutantur,
551 1432 660 1490 mutari
682 1448 731 1491 res
756 1448 872 1510 quoque
895 1427 1042 1509 debentfl

262 1517 348 1579 Nunc
371 1520 501 1579 animum
524 1517 610 1578 nobis
633 1517 740 1578 adhibe
763 1536 863 1578 veram
885 1516 921 1578 ad
944 1520 1097 1578 rationem.

133 1623 201 1674 1010
218 1624 287 1668 nam
309 1606 366 1667 tibi
387 1611 540 1667 vementer
562 1623 637 1666 nova
658 1623 708 1666 res
731 1604 852 1666 molitur
875 1605 911 1666 ad
933 1608 1015 1666 auris

130 1710 204 1763 1005
217 1695 352 1756 accidere
376 1701 406 1755 et
427 1711 503 1754 nova
525 1712 557 1754 se
580 1696 696 1773 species
719 1695 875 1755 ostendere
898 1711 1007 1754 rerum.
1087 1707 1141 1748 102⁶

219 1782 272 1843 sed
295 1800 392 1862 neque
415 1789 476 1842 tam
498 1781 594 1842 facilis
616 1799 666 1842 res
689 1781 789 1862 ullast,
812 1784 884 1861 quin
907 1800 943 1842 ea
964 1783 1094 1860 primum
1207 1815 1210 1819 .

223 1869 352 1931 difficilis
375 1872 470 1948 magis
493 1870 529 1931 ad
552 1869 733 1931 credendum
756 1877 884 1951 constet,
907 1871 1037 1948 itemque

219 1957 262 2018 nil
285 1957 358 2018 adeo
380 1975 520 2036 magnum
542 1974 639 2036 neque
661 1964 722 2018 tam
744 1957 880 2018 mirabile
903 1960 1074 2039 quicquam,

132 2063 201 2112 1025
221 2044 299 2124 quod
321 2063 382 2105 non
404 2045 545 2124 paulatim
567 2048 685 2106 mittant
705 2047 845 2107 mirarier
867 2063 979 2107 omnes.

132 2148 207 2200 1030
217 2134 365 2212 principio
388 2131 462 2193 caeli
485 2132 598 2193 clarum
619 2151 786 2212 purumque
810 2133 939 2194 colorem
1087 2149 1141 2189 aoso

220 2238 355 2300 quaeque
378 2223 410 2281 in
432 2238 465 2280 se
488 2220 619 2302 cohibet,
641 2221 770 2300 palantia
792 2221 890 2282 sidera
912 2223 1037 2303 passim,

220 2308 380 2387 lunamque
403 2315 433 2369 et
456 2307 527 2369 solis
549 2308 701 2387 praeclara
722 2308 788 2370 luce
811 2311 940 2370 nitorem
962 2342 1005 2353 -

220 2399 318 2457 omnia
341 2414 416 2475 quae
438 2414 519 2456 nunc
542 2399 569 2456 01
589 2399 720 2476 primurn
742 2397 917 2458 modalibus
941 2404 1054 2479 extent,

132 2501 200 2551 1000
220 2503 256 2545 ex
279 2486 429 2564 inproviso
453 2486 481 2544 si
502 2486 563 2544 sint
585 2484 699 2545 obiecta
721 2493 857 2566 repente,

131 2589 205 2639 1035
219 2572 290 2652 quid
312 2575 407 2652 magis
429 2571 477 2632 his
499 2571 590 2633 rebus
612 2579 728 2651 poterat
750 2572 886 2634 mirabile
909 2572 982 2653 dici,
1087 2588 1140 2628 noea

219 2667 270 2722 aut
296 2663 396 2722 minus
421 2667 489 2721 ante
513 2660 592 2739 quod
615 2659 758 2721 auderent
780 2660 844 2721 iore
867 2660 989 2721 credere
1013 2658 1140 2740 gentes?

218 2749 274 2829 nil,
298 2757 331 2810 ut
354 2751 472 2829 opinor:
495 2751 536 2808 ita
558 2748 632 2808 haec
655 2751 770 2827 species
793 2749 926 2810 miranda
949 2748 1063 2810 fuisset.

219 2855 306 2916 quam
328 2837 385 2898 tibi
406 2839 466 2897 iam
488 2854 590 2917 nemo,
611 2836 709 2897 100000
733 2838 837 2898 satiate
860 2836 992 2917 videndi,

131 2939 200 2989 1000
220 2927 372 3004 suspicere
396 2927 428 2986 in
451 2923 525 2985 caeli
547 2923 685 3003 dignatur
707 2923 804 2985 lucida
826 2923 948 3004 templa!

131 3011 319 3079 1010100100
344 3019 524 3092 quapropter
545 3015 674 3074 novitate
697 3015 858 3073 exterritus
880 3015 946 3092 ipsa
1088 3027 1140 3067 1010

218 3117 347 3178 expuere
370 3102 528 3160 exanimo
551 3103 710 3181 rationem,
734 3100 786 3161 sed
809 3103 903 3179 magis
926 3103 988 3161 aori

217 3187 327 3247 iudicio
350 3186 515 3268 perpende,
539 3194 569 3248 et
591 3190 618 3248 si
640 3187 696 3249 tibi
718 3207 787 3250 vera
810 3188 961 3269 videntur,

217 3273 292 3334 dede
315 3292 435 3356 manus,
457 3281 527 3355 aut,
543 3277 571 3335 si
593 3275 742 3358 falsumst,
764 3279 919 3356 accingere
943 3284 1054 3337 contra.

129 3379 199 3428 1040
218 3364 334 3441 quaerit
361 3365 442 3423 enim
465 3365 610 3423 rationem
633 3367 763 3445 animus,
791 3383 859 3426 cum
882 3382 997 3426 summa
1020 3364 1078 3425 loci
1101 3368 1141 3426 sit

128 3465 201 3518 1015
214 3450 330 3511 infinita
352 3451 426 3512 ioris
448 3451 522 3511 haec
545 3459 628 3513 extra
650 3455 768 3513 moenia
791 3453 908 3534 mundi,
1087 3467 1141 3507 roes

505 3535 620 3617 [1020]
635 3567 677 3590 .-.
694 3539 766 3602 ane.
