2438 3998
163 230 226 296 192
643 225 682 280 Vi

232 372 368 434 manibus
390 380 425 433 ut
446 374 473 432 si
496 373 555 432 sint
578 371 653 432 divis
675 379 800 433 mactata
822 379 953 450 repente.

163 470 219 521 700
235 463 333 522 omnia
355 479 429 540 quae
452 458 579 521 naturali
601 463 714 521 ratione
737 467 891 540 geruntur,

233 557 263 611 et
285 547 393 628 quibus
415 553 432 609 e
454 549 527 608 iiant
548 550 646 609 causis
668 555 789 627 apparet
811 550 906 626 origo:

164 653 214 704 755
233 640 320 699 ianua
342 655 379 697 ne
402 636 478 698 forte
500 635 548 696 his
570 635 641 697 Oroi
662 635 833 714 regionibus
855 654 922 697 esse

233 725 383 805 credatur,
406 723 564 804 posthinc
586 725 698 785 animas
720 724 896 785 Acheruntis
917 725 949 784 in
972 740 1039 785 oras

233 813 341 874 ducere
365 813 440 874 iorto
463 812 534 873 deos
556 814 651 873 manis
674 812 788 873 inferne
811 831 942 892 reamur,

163 908 219 959 705
235 900 357 962 naribus
379 900 510 980 alipedes
531 907 566 961 ut
588 901 668 961 cerri
690 919 777 980 saepe
799 907 940 979 putantur
1129 921 1168 963 roo

233 989 341 1051 ducere
365 988 401 1050 de
424 987 545 1049 latebris
568 990 715 1067 serpentia
739 988 833 1048 saecla
856 989 992 1048 ferarum.

164 1094 215 1147 'too
234 1077 312 1157 quod
334 1076 439 1157 procul
461 1095 477 1136 a
499 1094 569 1137 rera
591 1094 679 1154 quam
702 1077 741 1137 sit
763 1079 875 1136 ratione
897 1075 1069 1154 repulsum.

233 1168 366 1245 percipe:
387 1182 457 1225 nam
479 1164 516 1225 de
538 1182 572 1224 re
594 1183 673 1225 nunc
696 1166 760 1242 ipsa
785 1164 883 1224 dicere
906 1181 1006 1224 conor.

277 1253 425 1332 Principio
448 1252 504 1312 hoo
527 1252 606 1332 dieo,
628 1253 706 1332 quod
729 1252 791 1312 dixi
813 1270 901 1331 saepe
924 1269 1041 1330 quoque
1066 1258 1148 1332 ante,

164 1348 219 1399 770
232 1343 265 1401 in
287 1348 367 1401 terra
389 1342 533 1419 cuiusque
553 1340 635 1400 modi
656 1358 758 1400 rerum
780 1358 846 1400 esse
868 1341 990 1421 tiguras3
1129 1362 1167 1403 aro

234 1427 337 1509 muita,
360 1427 426 1489 cibo
449 1446 524 1506 quae
548 1435 630 1510 sunt,
652 1428 763 1508 vitalia,
785 1426 948 1508 multaque,
970 1425 1094 1490 morbos

165 1531 215 1581 785
234 1519 368 1577 incutere
390 1523 420 1576 et
441 1523 567 1577 mortem
590 1534 664 1594 quae
686 1518 801 1595 possint
823 1516 999 1578 adcelerare.
1110 1568 1112 1572 .

235 1612 265 1665 et
287 1606 379 1683 magis
402 1622 468 1665 osse
491 1603 556 1664 aliis
579 1604 650 1665 alias
673 1603 869 1665 animantibus
892 1611 975 1684 aptas

234 1711 283 1754 res
306 1693 342 1753 ad
365 1694 436 1752 vitai
458 1694 602 1753 rationem
625 1693 807 1753 ostendimus
829 1699 896 1753 ante

129 1809 132 1821 ·
164 1788 356 1861 775propter
379 1781 552 1841 dissimilem
573 1787 708 1842 naturam
730 1779 939 1859 dissimilisque
1128 1803 1165 1845 ru

234 1876 365 1930 texturas
388 1870 466 1929 inter
488 1887 555 1930 sese
577 1871 746 1948 primasque
768 1868 885 1947 figuras.

166 1973 217 2023 770
279 1955 390 2017 Deinde
412 1956 513 2018 ridere
535 1956 605 2018 licet
623 1975 710 2036 quam
728 1954 836 2016 multae
855 1958 915 2016 sint
930 1955 1046 2016 homini
1065 1975 1114 2019 res
1128 1980 1165 2020 ror

165 2051 220 2104 782
234 2047 343 2106 acriter
364 2045 487 2106 infestae
511 2063 600 2105 sensu
623 2063 804 2124 spurcaeque
826 2061 1001 2126 gravesque3
1109 2057 1165 2108 'aar

165 2141 220 2191 777
234 2131 326 2193 multa
348 2139 447 2193 meant
468 2134 588 2193 inimica
608 2151 663 2211 per
685 2135 778 2213 auris,
800 2132 891 2193 multa
912 2150 968 2212 per
990 2134 1073 2212 ipsas
1128 2157 1165 2197 ru

235 2222 385 2281 insinuant
407 2222 487 2280 naris
509 2220 616 2280 infesta
639 2227 727 2299 atque
749 2239 853 2299 aspera
878 2238 957 2300 sese,

235 2325 290 2368 neo
313 2315 383 2368 smrt
403 2305 495 2367 multa
517 2325 621 2386 parum
642 2315 724 2369 tactu
745 2309 862 2368 vitanda
883 2326 980 2387 neque
1003 2315 1103 2370 autem

166 2414 215 2463 775
235 2402 356 2474 aspectu
377 2393 515 2473 fugienda
538 2412 700 2474 saporeque
723 2398 820 2456 tristia
842 2415 916 2475 quae
940 2399 1007 2457 siut
1129 2420 1166 2461 aco

165 2490 221 2542 783
234 2482 389 2543 arboribus
410 2484 540 2561 primum
562 2485 652 2543 certis
675 2486 771 2562 gravis
792 2484 897 2545 umbra
918 2483 1031 2545 tributa
1128 2508 1166 2548 aas

234 2589 329 2649 usque
352 2570 437 2651 adeo,
460 2571 564 2648 capitis
586 2570 694 2631 faciant
715 2579 749 2632 ut
771 2590 858 2650 saepe
881 2571 1011 2653 dolores,

165 2665 220 2717 785
237 2660 331 2738 siquis
354 2677 403 2718 eas
427 2665 529 2736 supter
550 2660 641 2720 iacuit
661 2666 825 2738 prostratus
848 2659 1011 2721 inberbis.
1130 2683 1168 2724 roa

235 2753 280 2807 est
303 2747 390 2806 etiam
411 2748 526 2825 magnis
547 2745 698 2808 Heliconis
720 2747 869 2808 montibus
892 2748 978 2808 arbos

165 2850 216 2901 780
234 2834 316 2895 floris
339 2834 428 2896 odore
451 2835 600 2895 homiuem
621 2841 716 2896 taetro
739 2843 878 2896 consueta
899 2853 1014 2896 necare.

235 2922 361 3005 scilicet,
383 2923 456 2984 haec
478 2923 545 2983 ideo
568 2925 657 2984 terris
681 2942 717 2985 ex
740 2926 837 2985 omnia
861 2931 986 3002 surgunt

233 3010 324 3072 multa
346 3012 442 3072 modis
464 3010 565 3072 multis
588 3010 747 3072 multarum
770 3013 883 3072 semina
905 3030 1020 3092 rerum,

163 3106 219 3158 790
233 3100 311 3178 quod
333 3102 479 3178 permixta
501 3100 577 3177 gerit
598 3098 686 3159 tellus
710 3099 895 3179 discretaque
917 3099 1016 3160 tradit

233 3195 467 3267 nocturnumque
490 3204 595 3247 recens
618 3190 779 3249 extinctum
802 3187 901 3248 lumen
923 3186 976 3248 ubi
998 3191 1063 3250 acri

164 3291 214 3342 785
232 3276 337 3336 nidore
360 3275 482 3336 offendit
503 3292 603 3356 nares,
626 3277 762 3354 consopit
782 3275 893 3336 ibidem

233 3363 387 3424 concidere
401 3369 440 3422 et
463 3380 581 3442 spumas
604 3365 656 3442 qui
678 3362 781 3423 morbo
803 3366 921 3424 mittere
944 3365 1050 3426 suevit

232 3459 423 3530 castoreoque
445 3452 526 3528 gravi
548 3450 656 3512 mulier
678 3453 772 3530 sopita
795 3451 953 3532 recumbit,

162 3547 216 3598 705
231 3548 261 3600 et
282 3538 418 3600 manibus
440 3538 566 3599 nitidum
589 3540 701 3600 teneris
725 3557 798 3618 opus
822 3540 917 3601 effluit
938 3541 980 3620 ei,
1134 3563 1171 3606 ro
