2438 3998
134 233 198 298 124
619 232 659 288 IV

218 383 287 461 pusi
309 398 396 459 saepe
419 379 515 442 lacurn
538 388 659 460 propter
682 382 709 440 si
730 399 765 441 ac
788 379 865 440 dolia
888 386 972 441 curta

131 484 207 538 1000
220 486 323 530 somno
346 467 476 529 devincti
499 468 623 531 credunt
646 487 678 530 se
702 467 842 529 extollere
864 475 990 549 vestem,

132 572 201 624 1005
219 559 310 618 totius
334 574 467 617 umorem
490 564 638 618 saccatum
661 557 787 637 corpori'
810 557 948 636 fundunt,

220 663 287 705 cum
309 643 486 724 Babylonica
507 646 663 724 magnifico
686 644 843 724 splendore
865 647 1007 724 rigantur.

219 740 282 794 tum
306 732 414 812 quibus
437 736 540 794 aetatis
563 733 638 794 freta
660 736 798 812 primitus
822 735 990 794 insinuatur
1087 755 1140 796 roso

220 839 334 902 semen,
356 821 409 882 ubi
431 824 496 901 ipsa
518 822 582 882 dies
604 821 747 882 membris
768 828 883 883 matura
905 823 1027 901 creavit,

131 925 207 981 1005
219 913 397 970 conveniunt
419 909 577 991 simulacra
599 909 672 970 ioris
694 928 710 970 e
734 928 858 990 corpore
882 927 1013 990 quoque,

36 1046 39 1051 -
132 1013 201 1065 1010
219 999 323 1059 nuntia
344 996 489 1078 praeclari
511 997 607 1059 voltus
629 997 804 1077 pulchrique
827 997 949 1079 coloris,

220 1088 272 1165 qui
294 1088 354 1147 ciet
375 1088 501 1147 inritans
523 1084 588 1147 loca
609 1087 727 1165 turgida
750 1088 862 1147 semine
885 1085 991 1166 multo,

219 1181 253 1235 ut
271 1177 355 1254 qnasi
374 1176 531 1234 transactis
550 1192 637 1253 saepe
658 1174 785 1235 omnibu'
799 1174 881 1235 rebu’
894 1173 1073 1253 profundant
1087 1194 1140 1236 roes

219 1262 350 1323 fluminis
374 1264 503 1341 ingentis
526 1262 633 1323 fluctus
656 1270 827 1342 vestemque
850 1268 1013 1323 cruentant.
1086 1285 1139 1324 roeo

127 1365 205 1418 '1032
220 1369 345 1429 namque
369 1350 441 1411 alias
464 1349 542 1411 aliud
565 1369 615 1411 res
638 1359 801 1413 commovet
824 1358 911 1430 atque
934 1351 1140 1413 lacessiimus

132 1454 201 1505 1015
220 1457 256 1500 ex
279 1438 397 1499 homine
418 1438 579 1500 humanum
598 1456 700 1499 semen
719 1438 1140 1502 cietunabominisvis.1oeo

131 1542 205 1594 1030
263 1526 444 1588 Sollicitatur
466 1526 497 1587 id
519 1525 555 1588 in
577 1526 677 1608 nobis,
700 1527 778 1606 quod
801 1527 929 1588 diximus
952 1533 1033 1606 ante,
1087 1551 1139 1591 rosa

221 1633 334 1696 semen,
358 1615 456 1676 adulta
478 1622 558 1675 aetas
581 1633 648 1676 cum
670 1618 800 1694 primum
822 1615 942 1676 roborat
964 1621 1053 1677 artus.
1086 1639 1139 1679 rose

220 1703 298 1783 quod
322 1703 520 1782 simulatque
544 1705 607 1764 suis
630 1705 756 1765 eiectum
780 1702 899 1764 sedibus
922 1707 995 1786 enit,
1086 1726 1138 1767 ron

131 1807 204 1859 1035
219 1810 275 1871 per
296 1790 429 1852 membra
452 1799 539 1871 atque
562 1798 644 1852 artus
667 1792 784 1853 decedit
806 1809 929 1871 corpore
953 1799 1028 1875 toto,

133 1895 201 1945 1010
220 1882 251 1940 ἱο
273 1878 338 1940 1000
360 1882 538 1941 conveniens
561 1898 721 1941 nervorum
744 1888 837 1961 certa,
862 1882 979 1960 cietque

220 1970 359 2029 continuo
381 1970 475 2047 partis
498 1968 634 2047 genitalis
658 1971 790 2048 corporis
814 1971 901 2047 ipsas,

219 2058 338 2117 inritata
360 2063 476 2117 tument
497 2055 562 2118 loca
585 2058 710 2137 semine,
733 2057 824 2135 fitque
847 2056 981 2117 voluntas
1084 2078 1137 2120 rom

219 2146 317 2205 eicere
340 2143 371 2204 id
394 2163 452 2223 quo
475 2162 509 2205 se
531 2144 683 2205 contendit
704 2144 768 2206 dira
790 2144 903 2225 lubido,
1086 2168 1140 2209 roos

131 2246 203 2298 1040
219 2231 308 2312 idque
331 2234 407 2312 petit
429 2250 550 2313 corpus,
572 2251 656 2293 mens
679 2232 787 2293 undest
809 2235 908 2294 saucia
931 2251 1044 2293 amore:
1086 2256 1140 2296 roes

132 2334 201 2384 1025
220 2339 346 2399 namque
369 2338 472 2381 omnes
494 2320 668 2399 plerumque
692 2320 800 2381 cadunt
822 2324 853 2382 in
871 2320 987 2402 vulnus,
1010 2328 1040 2396 et
1058 2320 1139 2380 illam

87 2403 94 2409 ’
219 2411 328 2469 emicat
349 2410 381 2468 in
403 2415 517 2488 partem
541 2410 673 2489 sanguis,
696 2408 775 2469 unde
798 2411 905 2470 icimur
927 2412 1001 2490 ictu,
1086 2432 1139 2472 roco

220 2503 250 2558 et
272 2499 299 2557 si
322 2499 486 2558 comminus
510 2502 567 2576 est,
590 2496 706 2556 hostem
728 2496 819 2557 ruber
842 2504 965 2576 occupat
986 2515 1080 2558 umor.

220 2587 264 2645 sio
286 2587 378 2663 igitur
399 2583 522 2644 Veneris
545 2586 596 2663 qui
619 2583 686 2644 telis
709 2587 816 2664 accipit
838 2587 929 2667 ictus,

132 2687 204 2739 1045
221 2675 281 2734 sive
305 2690 380 2752 puer
402 2671 544 2732 membris
567 2671 761 2734 muliebribus
783 2673 863 2734 buno
885 2673 1029 2734 iaculatur

133 2776 202 2826 1030
220 2779 274 2822 seu
296 2759 403 2821 mulier
425 2766 487 2820 toto
511 2762 623 2821 iactans
646 2779 662 2822 e
685 2780 809 2840 corpore
833 2778 975 2843 amorem,

220 2847 299 2909 unde
322 2848 440 2929 feritur,
464 2866 499 2908 eo
521 2848 629 2930 tendit,
652 2852 800 2928 gestitque
823 2852 902 2911 coire
1088 2872 1140 2914 roos

220 2944 250 2998 et
272 2938 369 2998 iacere
392 2953 527 2996 umorem
549 2939 581 2997 in
604 2955 713 3017 corpus
736 2938 773 3007 de
796 2956 919 3017 corpore
943 2937 1076 2999 ductum:

221 3042 347 3104 namque
370 3024 548 3103 voluptatem
571 3028 720 3104 praesagit
741 3033 823 3087 muta
845 3025 959 3106 cupido.
1058 3045 1059 3048 ¹

132 3128 205 3181 1050
262 3111 341 3173 llaec
359 3111 457 3173 Venus
478 3119 524 3174 est
541 3112 640 3174 nobis:
659 3113 729 3174 hinc
747 3121 874 3175 autemst
889 3133 1007 3175 momen
1021 3118 1140 3196 amoris,

132 3218 200 3268 1035
219 3201 290 3261 hinc
312 3200 405 3263 illaec.
441 3203 571 3281 primum
593 3200 715 3262 Veneris
739 3201 903 3263 dulcedinis
926 3205 957 3262 in
980 3221 1032 3264 cor

220 3288 341 3350 stillavit
363 3296 457 3371 gutta,
481 3297 512 3351 et
534 3292 679 3351 successit
701 3289 808 3368 frigida
830 3308 914 3350 cura:
1088 3314 1141 3354 roso

220 3395 288 3439 nam
307 3380 334 3438 si
352 3377 436 3443 abest
454 3377 534 3458 quod
552 3396 630 3459 aves,
647 3384 765 3456 praesto
784 3377 941 3439 simulacra
959 3387 1057 3440 tamen
1072 3389 1141 3440 sunt

219 3465 299 3528 illius
322 3473 352 3527 et
374 3485 483 3527 nomen
507 3465 592 3527 dulce
615 3465 789 3527 obversatur
811 3466 847 3527 ad
870 3469 958 3528 auris.

495 3550 608 3632 [1047]
625 3581 667 3604 =
683 3550 778 3617 1034.
