2438 3998
595 232 620 286 V
1043 231 1106 296 157

175 386 205 439 et
227 380 336 458 partim
359 378 445 459 plano
470 388 584 439 scatere
608 387 695 458 atque
719 397 876 459 erumpere
900 397 1010 459 campo.

100 485 156 533 940
174 467 301 528 necdum
323 485 372 527 res
395 469 457 546 igni
480 466 595 527 scibant
617 475 743 528 tractare
766 486 862 546 neque
885 471 929 528 uti

101 562 156 614 951
174 555 301 636 pellibus
326 562 355 615 et
378 555 480 634 spoliis
504 574 612 634 corpus
635 559 744 616 vestire
768 556 910 636 ferarum,

175 645 228 704 sed
250 662 371 705 nemora
394 652 481 722 atque
505 663 590 704 cavos
613 645 722 704 montis
747 643 892 722 silvasque
911 645 1055 725 colebant,
1069 665 1109 706 oss

175 740 205 793 et
228 733 349 793 frutices
374 734 451 792 inter
474 731 639 792 condebant
662 730 795 810 squalida
817 731 962 815 membra,

175 820 298 881 verbera
320 828 475 881 ventorum
498 823 590 881 vitare
615 819 779 900 imbrisque
801 823 903 881 coacti.

101 926 156 974 945
176 928 231 969 nec
254 927 409 969 commune
432 908 542 969 bonum
564 916 700 988 poterant
723 916 870 989 spectare,
892 927 988 988 neque
1011 908 1079 970 ullis

100 1004 160 1055 956
177 996 310 1058 moribus
333 1000 411 1057 inter
434 1015 465 1057 se
490 997 605 1058 scibant
627 1015 682 1057 nec
707 996 822 1075 legibus
844 999 896 1057 uti.

177 1086 255 1166 quod
277 1088 384 1164 cuique
408 1085 554 1146 obtulerat
576 1087 701 1163 praedae
725 1086 855 1165 fortuna,
878 1084 991 1145 ferebat
1068 1108 1108 1148 999

176 1181 280 1253 sponte
304 1192 357 1234 sua
380 1173 438 1233 sibi
460 1177 585 1254 quisque
609 1174 705 1234 valere
730 1181 760 1234 et
781 1176 879 1235 vivere
898 1173 1010 1234 doctus.

177 1269 207 1322 et
228 1261 326 1322 Venus
349 1264 380 1321 in
404 1261 485 1322 silvis
508 1261 648 1340 iungebat
671 1280 794 1340 corpora
817 1269 978 1322 amantum:

103 1365 158 1415 990
178 1349 352 1411 conciliabat
375 1352 455 1410 enim
478 1349 523 1410 vel
546 1357 647 1411 mutua
671 1368 816 1430 quamque
840 1350 946 1430 cupido

103 1445 159 1497 961
177 1439 224 1498 vel
246 1438 374 1498 violenta
397 1441 454 1498 viri
476 1441 520 1498 vis
543 1445 630 1517 atque
653 1440 777 1517 inpensa
799 1438 890 1499 libido

177 1527 223 1587 vel
245 1528 388 1607 pretinm,
409 1526 530 1604 glandes
553 1534 640 1606 atque
664 1526 758 1587 arbita
781 1526 826 1586 vel
849 1521 1019 1605 pira'leota.
1069 1547 1108 1588 999

178 1623 208 1676 et
229 1633 369 1675 manuum
392 1617 467 1675 mira
490 1615 558 1675 freti
580 1617 688 1676 virtute
710 1615 878 1694 pedumque
1069 1637 1109 1677 999

178 1702 422 1764 consectabantur
445 1702 590 1763 silvestria
614 1703 709 1764 saecla
732 1704 875 1783 ferarum,
1069 1725 1108 1765 999

104 1805 159 1855 995
178 1790 341 1852 missilibus
365 1793 443 1852 saxis
467 1799 496 1851 et
518 1809 624 1870 magno
647 1792 777 1870 pondere
802 1791 907 1852 clavae.
1069 1813 1109 1853 ers

105 1885 164 1936 960
178 1879 327 1958 multaque
350 1879 518 1961 vincebant,
540 1878 671 1939 vitabant
692 1897 785 1958 pauca
807 1878 942 1959 latebris3
1068 1901 1109 1942 999

179 1970 391 2046 saetigerisque
414 1986 501 2046 pares
520 1967 612 2028 subus
636 1966 782 2028 silvestria
804 1967 935 2027 membra
1069 1990 1109 2029 999

178 2057 256 2117 nuda
280 2055 387 2116 dabant
408 2063 519 2136 terrae,
541 2063 685 2116 nocturno
708 2062 841 2134 tempore
864 2057 955 2135 capti,
1070 2078 1110 2118 ovo

108 2150 163 2202 970
179 2147 292 2205 circum
315 2162 346 2204 se
370 2144 448 2204 loliis
472 2162 506 2204 99
528 2143 682 2204 frondibus
704 2143 894 2205 involventes,

107 2246 161 2297 900
179 2252 234 2293 nec
256 2231 397 2311 plangore
419 2232 498 2292 diem
520 2249 626 2310 magno
650 2231 801 2311 solemque
823 2250 878 2312 per
901 2250 986 2310 agros

113 2377 115 2381 ,
180 2318 360 2400 quaerebant
382 2320 479 2399 pavidi
502 2320 632 2399 palantes
655 2322 751 2381 noetis
774 2323 805 2381 in
828 2319 956 2401 umbris,

180 2409 233 2470 sed
256 2410 338 2468 taciti
360 2408 565 2488 respectabant
588 2426 750 2487 somnoque
773 2408 895 2489 sepulti,

181 2497 250 2558 dum
273 2514 358 2556 rosea
381 2497 443 2557 lace
467 2497 510 2557 sol
533 2498 657 2558 inferret
679 2496 791 2558 lumina
814 2497 907 2558 caelo:
1072 2519 1110 2558 999

107 2592 196 2645 9759
218 2587 316 2664 parvis
340 2584 417 2663 qnod
441 2588 520 2644 enim
543 2595 720 2647 consuerant
742 2604 865 2647 cernere
888 2604 1006 2665 semper

107 2688 161 2739 909
180 2673 292 2734 alterno
315 2672 453 2733 tenebras
476 2681 506 2733 et
527 2673 624 2734 lucem
646 2682 779 2754 tempore
802 2677 896 2754 gigni,

180 2780 239 2822 non
263 2768 326 2821 erat
347 2768 380 2822 ut
402 2762 467 2820 lieri
489 2769 611 2839 possent
632 2763 768 2822 mirarier
789 2781 929 2841 umquam

180 2869 235 2910 nec
258 2849 405 2930 diffidere,
428 2867 465 2908 ne
488 2858 583 2910 terras
606 2857 724 2910 aeterna
746 2858 861 2910 teneret

180 2957 238 2997 nox
261 2940 292 2997 in
314 2945 489 3016 perpetuum
511 2937 642 2998 detracto
665 2937 777 2998 lumine
801 2937 879 2999 solis.

109 3033 166 3084 980
181 3026 233 3086 sed
256 3027 349 3104 magis
372 3024 443 3085 illud
467 3032 531 3085 erat
552 3044 654 3106 curae,
677 3026 755 3104 quod
778 3025 872 3085 saecla
895 3026 1023 3086 ferarum

108 3130 162 3181 970
180 3115 318 3174 infestam
340 3115 457 3174 miseris
481 3112 626 3174 faciebant
648 3132 735 3192 saepe
759 3115 901 3193 quietem:

180 3205 325 3281 eiectique
349 3201 435 3261 domo
458 3201 609 3280 fugiebant
632 3221 718 3262 saxea
740 3209 819 3263 tecta

180 3291 343 3371 spumigeri
365 3292 428 3350 suis
451 3290 577 3350 adventu
599 3289 744 3370 validique
767 3290 875 3371 leonis,

180 3387 267 3459 atque
291 3380 467 3456 intempesta
490 3377 634 3439 cedebant
656 3387 741 3439 nocte
764 3386 904 3458 paventes

106 3474 168 3534 985
178 3465 346 3545 hospitibus
370 3469 463 3527 saevis
487 3469 610 3527 instrata
634 3465 741 3527 cubilia
764 3467 876 3528 fronde.

211 3551 276 3616 954
292 3583 331 3604 =
347 3555 424 3636 9673
444 3550 507 3616 956
523 3582 564 3604 =
578 3556 653 3635 9683
674 3552 736 3617 957
754 3582 794 3604 ·-
809 3556 873 3617 966
892 3563 921 3614 et
938 3556 1008 3616 968.
