<?xml version="1.0" encoding="UTF-8"?>
<!DOCTYPE html PUBLIC "-//W3C//DTD XHTML 1.0 Transitional//EN"
    "http://www.w3.org/TR/xhtml1/DTD/xhtml1-transitional.dtd">
<html xmlns="http://www.w3.org/1999/xhtml" xml:lang="en" lang="en">
 <head>
  <title>
</title>
<meta http-equiv="Content-Type" content="text/html;charset=utf-8" />
  <meta name='ocr-system' content='tesseract 3.04.00' />
  <meta name='ocr-capabilities' content='ocr_page ocr_carea ocr_par ocr_line ocrx_word'/>
</head>
<body>
  <div class='ocr_page' id='page_1' title='image "./tlucreticarider02carugoog_0199.png"; bbox 0 0 2438 3998; ppageno 0'>
   <div class='ocr_carea' id='block_1_1' title="bbox 151 227 676 296">
    <p class='ocr_par' dir='ltr' id='par_1_1' title="bbox 151 227 676 296">
     <span class='ocr_line' id='line_1_1' title="bbox 151 227 676 296; baseline 0.002 -2"><span class='ocrx_word' id='word_1_1' title='bbox 151 232 216 296; x_wconf 91' lang='grc'>110</span> <span class='ocrx_word' id='word_1_2' title='bbox 636 227 676 282; x_wconf 84' lang='lat' dir='ltr'>IV</span> 
     </span>
    </p>
   </div>
   <div class='ocr_carea' id='block_1_2' title="bbox 150 374 1167 3540">
    <p class='ocr_par' dir='ltr' id='par_1_2' title="bbox 150 374 1167 3540">
     <span class='ocr_line' id='line_1_2' title="bbox 221 374 880 454; baseline -0.003 -16"><span class='ocrx_word' id='word_1_3' title='bbox 221 377 271 438; x_wconf 90' lang='lat' dir='ltr'>illa</span> <span class='ocrx_word' id='word_1_4' title='bbox 292 375 377 438; x_wconf 89' lang='lat' dir='ltr'>tibist</span> <span class='ocrx_word' id='word_1_5' title='bbox 398 377 489 454; x_wconf 80' lang='lat' dir='ltr'>igitur</span> <span class='ocrx_word' id='word_1_6' title='bbox 511 374 669 435; x_wconf 87' lang='lat' dir='ltr'>verborum</span> <span class='ocrx_word' id='word_1_7' title='bbox 691 377 775 454; x_wconf 86' lang='lat' dir='ltr'>copia</span> <span class='ocrx_word' id='word_1_8' title='bbox 797 393 880 436; x_wconf 90' lang='lat' dir='ltr'>cassa</span> 
     </span>
     <span class='ocr_line' id='line_1_3' title="bbox 150 465 1007 546; baseline -0.009 -16"><span class='ocrx_word' id='word_1_9' title='bbox 150 467 331 546; x_wconf 71' lang='lat' dir='ltr'>insomnis,</span> <span class='ocrx_word' id='word_1_10' title='bbox 354 481 429 543; x_wconf 91' lang='lat' dir='ltr'>quae</span> <span class='ocrx_word' id='word_1_11' title='bbox 452 470 554 524; x_wconf 89' lang='lat' dir='ltr'>contra</span> <span class='ocrx_word' id='word_1_12' title='bbox 577 481 682 524; x_wconf 92' lang='lat' dir='ltr'>sensus</span> <span class='ocrx_word' id='word_1_13' title='bbox 704 465 849 524; x_wconf 88' lang='lat' dir='ltr'>instructa</span> <span class='ocrx_word' id='word_1_14' title='bbox 870 469 1007 542; x_wconf 89' lang='lat' dir='ltr'>paratast.</span> 
     </span>
     <span class='ocr_line' id='line_1_4' title="bbox 151 550 1046 632; baseline -0.012 -11"><span class='ocrx_word' id='word_1_15' title='bbox 151 570 202 622; x_wconf 77' lang='lat'>511</span> <span class='ocrx_word' id='word_1_16' title='bbox 221 554 349 632; x_wconf 87' lang='lat' dir='ltr'>denique</span> <span class='ocrx_word' id='word_1_17' title='bbox 372 558 406 612; x_wconf 86' lang='lat' dir='ltr'>nt</span> <span class='ocrx_word' id='word_1_18' title='bbox 427 553 459 613; x_wconf 90' lang='lat' dir='ltr'>in</span> <span class='ocrx_word' id='word_1_19' title='bbox 481 550 606 632; x_wconf 86' lang='lat' dir='ltr'>fabrica,</span> <span class='ocrx_word' id='word_1_20' title='bbox 629 553 655 612; x_wconf 92' lang='lat' dir='ltr'>si</span> <span class='ocrx_word' id='word_1_21' title='bbox 677 559 794 630; x_wconf 78' lang='lat' dir='ltr'>pravast</span> <span class='ocrx_word' id='word_1_22' title='bbox 815 551 916 630; x_wconf 82' lang='lat' dir='ltr'>regula</span> <span class='ocrx_word' id='word_1_23' title='bbox 939 553 1046 630; x_wconf 88' lang='lat' dir='ltr'>prima,</span> 
     </span>
     <span class='ocr_line' id='line_1_5' title="bbox 216 638 944 719; baseline -0.003 -18"><span class='ocrx_word' id='word_1_24' title='bbox 216 658 382 719; x_wconf 51' lang='lat' dir='ltr'>,normaque</span> <span class='ocrx_word' id='word_1_25' title='bbox 405 642 433 700; x_wconf 94' lang='lat' dir='ltr'>si</span> <span class='ocrx_word' id='word_1_26' title='bbox 454 638 540 700; x_wconf 82' lang='lat' dir='ltr'><strong>fallax</strong></span> <span class='ocrx_word' id='word_1_27' title='bbox 563 641 654 700; x_wconf 87' lang='lat' dir='ltr'>rectis</span> <span class='ocrx_word' id='word_1_28' title='bbox 677 638 848 718; x_wconf 78' lang='lat' dir='ltr'>regionibus</span> <span class='ocrx_word' id='word_1_29' title='bbox 871 642 944 719; x_wconf 86' lang='lat' dir='ltr'>exit,</span> 
     </span>
     <span class='ocr_line' id='line_1_6' title="bbox 223 726 1159 807; baseline -0.002 -17"><span class='ocrx_word' id='word_1_30' title='bbox 223 736 253 790; x_wconf 88' lang='lat' dir='ltr'>et</span> <span class='ocrx_word' id='word_1_31' title='bbox 275 728 373 789; x_wconf 90' lang='lat' dir='ltr'>libella</span> <span class='ocrx_word' id='word_1_32' title='bbox 395 727 491 806; x_wconf 86' lang='lat' dir='ltr'>aliqua</span> <span class='ocrx_word' id='word_1_33' title='bbox 514 729 540 788; x_wconf 90' lang='lat' dir='ltr'>si</span> <span class='ocrx_word' id='word_1_34' title='bbox 562 745 599 789; x_wconf 83' lang='lat' dir='ltr'><strong>ex</strong></span> <span class='ocrx_word' id='word_1_35' title='bbox 621 730 699 807; x_wconf 90' lang='lat' dir='ltr'>parti</span> <span class='ocrx_word' id='word_1_36' title='bbox 721 726 866 789; x_wconf 76' lang='lat' dir='ltr'>claudicat</span> <span class='ocrx_word' id='word_1_37' title='bbox 886 726 992 805; x_wconf 91' lang='lat' dir='ltr'>hilum,</span> <span class='ocrx_word' id='word_1_38' title='bbox 1117 748 1159 788; x_wconf 77' lang='lat' dir='ltr'>crs</span> 
     </span>
     <span class='ocr_line' id='line_1_7' title="bbox 223 815 992 896; baseline -0.003 -19"><span class='ocrx_word' id='word_1_39' title='bbox 223 819 320 878; x_wconf 91' lang='lat' dir='ltr'>omnia</span> <span class='ocrx_word' id='word_1_40' title='bbox 343 815 482 876; x_wconf 89' lang='lat' dir='ltr'>mendoso</span> <span class='ocrx_word' id='word_1_41' title='bbox 506 817 571 876; x_wconf 86' lang='lat' dir='ltr'>lieri</span> <span class='ocrx_word' id='word_1_42' title='bbox 593 823 680 896; x_wconf 84' lang='lat' dir='ltr'>atque</span> <span class='ocrx_word' id='word_1_43' title='bbox 704 815 818 895; x_wconf 91' lang='lat' dir='ltr'>obstipa</span> <span class='ocrx_word' id='word_1_44' title='bbox 841 823 992 876; x_wconf 79' lang='lat' dir='ltr'><strong>necessest</strong></span> 
     </span>
     <span class='ocr_line' id='line_1_8' title="bbox 152 903 1065 985; baseline -0.01 -13"><span class='ocrx_word' id='word_1_45' title='bbox 152 922 205 971; x_wconf 78' lang='lat' dir='ltr'>ooo</span> <span class='ocrx_word' id='word_1_46' title='bbox 223 924 311 985; x_wconf 88' lang='lat' dir='ltr'>prava</span> <span class='ocrx_word' id='word_1_47' title='bbox 333 904 470 965; x_wconf 78' lang='lat' dir='ltr'>cubantia</span> <span class='ocrx_word' id='word_1_48' title='bbox 492 921 584 983; x_wconf 91' lang='lat' dir='ltr'>prona</span> <span class='ocrx_word' id='word_1_49' title='bbox 608 906 713 983; x_wconf 92' lang='lat' dir='ltr'>supina</span> <span class='ocrx_word' id='word_1_50' title='bbox 734 911 821 983; x_wconf 86' lang='lat' dir='ltr'>atque</span> <span class='ocrx_word' id='word_1_51' title='bbox 845 903 954 964; x_wconf 91' lang='lat' dir='ltr'>absona</span> <span class='ocrx_word' id='word_1_52' title='bbox 976 909 1065 984; x_wconf 91' lang='lat' dir='ltr'>tecta,</span> 
     </span>
     <span class='ocr_line' id='line_1_9' title="bbox 153 990 1065 1072; baseline -0.011 -12"><span class='ocrx_word' id='word_1_53' title='bbox 153 1009 207 1062; x_wconf 73' lang='lat'>515</span> <span class='ocrx_word' id='word_1_54' title='bbox 223 997 282 1054; x_wconf 90' lang='lat' dir='ltr'>iam</span> <span class='ocrx_word' id='word_1_55' title='bbox 305 1011 393 1054; x_wconf 87' lang='lat' dir='ltr'>ruere</span> <span class='ocrx_word' id='word_1_56' title='bbox 415 1001 448 1053; x_wconf 92' lang='lat' dir='ltr'>ut</span> <span class='ocrx_word' id='word_1_57' title='bbox 470 992 613 1071; x_wconf 83' lang='lat' dir='ltr'>quaedam</span> <span class='ocrx_word' id='word_1_58' title='bbox 634 992 788 1053; x_wconf 86' lang='lat' dir='ltr'>rideantur</span> <span class='ocrx_word' id='word_1_59' title='bbox 810 990 897 1072; x_wconf 87' lang='lat' dir='ltr'>velle,</span> <span class='ocrx_word' id='word_1_60' title='bbox 919 999 1065 1069; x_wconf 88' lang='lat' dir='ltr'>ruantque</span> 
     </span>
     <span class='ocr_line' id='line_1_10' title="bbox 223 1079 966 1162; baseline -0.003 -20"><span class='ocrx_word' id='word_1_61' title='bbox 223 1082 340 1162; x_wconf 91' lang='lat' dir='ltr'>prodita</span> <span class='ocrx_word' id='word_1_62' title='bbox 361 1080 480 1142; x_wconf 89' lang='lat' dir='ltr'>iudiciis</span> <span class='ocrx_word' id='word_1_63' title='bbox 502 1079 653 1141; x_wconf 83' lang='lat' dir='ltr'>fallacibus</span> <span class='ocrx_word' id='word_1_64' title='bbox 677 1083 775 1141; x_wconf 90' lang='lat' dir='ltr'>omnia</span> <span class='ocrx_word' id='word_1_65' title='bbox 797 1082 902 1160; x_wconf 90' lang='lat' dir='ltr'>primis</span> <span class='ocrx_word' id='word_1_66' title='bbox 924 1112 966 1122; x_wconf 90' lang='lat'><strong>—</strong></span> 
     </span>
     <span class='ocr_line' id='line_1_11' title="bbox 224 1168 1160 1248; baseline 0 -17"><span class='ocrx_word' id='word_1_67' title='bbox 224 1172 268 1231; x_wconf 90' lang='lat' dir='ltr'>sic</span> <span class='ocrx_word' id='word_1_68' title='bbox 291 1171 381 1248; x_wconf 83' lang='lat' dir='ltr'>igitur</span> <span class='ocrx_word' id='word_1_69' title='bbox 403 1171 478 1230; x_wconf 91' lang='lat' dir='ltr'>ratio</span> <span class='ocrx_word' id='word_1_70' title='bbox 501 1168 557 1229; x_wconf 86' lang='lat' dir='ltr'>tibi</span> <span class='ocrx_word' id='word_1_71' title='bbox 579 1186 680 1229; x_wconf 89' lang='lat' dir='ltr'>rerum</span> <span class='ocrx_word' id='word_1_72' title='bbox 701 1187 790 1248; x_wconf 84' lang='lat' dir='ltr'>prava</span> <span class='ocrx_word' id='word_1_73' title='bbox 812 1176 964 1229; x_wconf 82' lang='lat' dir='ltr'>necessest</span> <span class='ocrx_word' id='word_1_74' title='bbox 1118 1190 1160 1231; x_wconf 77' lang='lat' dir='ltr'>sao</span> 
     </span>
     <span class='ocr_line' id='line_1_12' title="bbox 224 1255 1099 1337; baseline -0.002 -19"><span class='ocrx_word' id='word_1_75' title='bbox 224 1257 354 1336; x_wconf 87' lang='lat' dir='ltr'>falsaque</span> <span class='ocrx_word' id='word_1_76' title='bbox 377 1259 429 1337; x_wconf 89' lang='lat' dir='ltr'>sit,</span> <span class='ocrx_word' id='word_1_77' title='bbox 451 1256 532 1317; x_wconf 89' lang='lat' dir='ltr'>falsis</span> <span class='ocrx_word' id='word_1_78' title='bbox 555 1274 755 1336; x_wconf 90' lang='lat' dir='ltr'>quaecumque</span> <span class='ocrx_word' id='word_1_79' title='bbox 779 1256 815 1316; x_wconf 88' lang='lat' dir='ltr'>ab</span> <span class='ocrx_word' id='word_1_80' title='bbox 838 1255 976 1317; x_wconf 87' lang='lat' dir='ltr'><strong>sensibus</strong></span> <span class='ocrx_word' id='word_1_81' title='bbox 999 1263 1099 1316; x_wconf 87' lang='lat' dir='ltr'>ortast.</span> 
     </span>
     <span class='ocr_line' id='line_1_13' title="bbox 153 1344 1085 1425; baseline -0.003 -19"><span class='ocrx_word' id='word_1_82' title='bbox 153 1362 206 1413; x_wconf 78' lang='lat' dir='ltr'>sos</span> <span class='ocrx_word' id='word_1_83' title='bbox 268 1345 354 1406; x_wconf 89' lang='lat' dir='ltr'>Nunc</span> <span class='ocrx_word' id='word_1_84' title='bbox 376 1344 426 1404; x_wconf 91' lang='lat' dir='ltr'>alii</span> <span class='ocrx_word' id='word_1_85' title='bbox 448 1362 553 1405; x_wconf 91' lang='lat' dir='ltr'>sensus</span> <span class='ocrx_word' id='word_1_86' title='bbox 577 1362 635 1423; x_wconf 90' lang='lat' dir='ltr'>quo</span> <span class='ocrx_word' id='word_1_87' title='bbox 657 1352 742 1425; x_wconf 90' lang='lat' dir='ltr'>pacto</span> <span class='ocrx_word' id='word_1_88' title='bbox 766 1347 893 1423; x_wconf 86' lang='lat' dir='ltr'>quisque</span> <span class='ocrx_word' id='word_1_89' title='bbox 916 1361 999 1404; x_wconf 88' lang='lat' dir='ltr'>suam</span> <span class='ocrx_word' id='word_1_90' title='bbox 1021 1363 1085 1404; x_wconf 88' lang='lat' dir='ltr'>rem</span> 
     </span>
     <span class='ocr_line' id='line_1_14' title="bbox 154 1431 1036 1513; baseline -0.01 -12"><span class='ocrx_word' id='word_1_91' title='bbox 154 1451 208 1503; x_wconf 79' lang='lat'>521</span> <span class='ocrx_word' id='word_1_92' title='bbox 224 1436 345 1513; x_wconf 82' lang='lat' dir='ltr'>sentiat,</span> <span class='ocrx_word' id='word_1_93' title='bbox 366 1431 444 1493; x_wconf 90' lang='lat' dir='ltr'>baud</span> <span class='ocrx_word' id='word_1_94' title='bbox 467 1450 613 1511; x_wconf 89' lang='lat' dir='ltr'>quaquam</span> <span class='ocrx_word' id='word_1_95' title='bbox 635 1435 710 1493; x_wconf 87' lang='lat' dir='ltr'>ratio</span> <span class='ocrx_word' id='word_1_96' title='bbox 733 1451 875 1512; x_wconf 89' lang='lat' dir='ltr'>scruposa</span> <span class='ocrx_word' id='word_1_97' title='bbox 896 1431 1036 1493; x_wconf 88' lang='lat' dir='ltr'>relictast.</span> 
     </span>
     <span class='ocr_line' id='line_1_15' title="bbox 268 1521 1090 1601; baseline -0.001 -20"><span class='ocrx_word' id='word_1_98' title='bbox 268 1521 417 1599; x_wconf 90' lang='lat' dir='ltr'>Principio</span> <span class='ocrx_word' id='word_1_99' title='bbox 441 1521 559 1581; x_wconf 85' lang='lat' dir='ltr'>auditur</span> <span class='ocrx_word' id='word_1_100' title='bbox 581 1538 671 1581; x_wconf 89' lang='lat' dir='ltr'>sonus</span> <span class='ocrx_word' id='word_1_101' title='bbox 695 1528 726 1581; x_wconf 91' lang='lat' dir='ltr'>et</span> <span class='ocrx_word' id='word_1_102' title='bbox 746 1539 802 1581; x_wconf 82' lang='lat' dir='ltr'>vox</span> <span class='ocrx_word' id='word_1_103' title='bbox 825 1523 934 1601; x_wconf 91' lang='lat' dir='ltr'>omnis,</span> <span class='ocrx_word' id='word_1_104' title='bbox 956 1522 987 1580; x_wconf 92' lang='lat' dir='ltr'>in</span> <span class='ocrx_word' id='word_1_105' title='bbox 1010 1523 1090 1581; x_wconf 91' lang='lat' dir='ltr'>auris</span> 
     </span>
     <span class='ocr_line' id='line_1_16' title="bbox 224 1608 1160 1689; baseline 0.002 -19"><span class='ocrx_word' id='word_1_106' title='bbox 224 1612 373 1670; x_wconf 88' lang='lat' dir='ltr'>insinuata</span> <span class='ocrx_word' id='word_1_107' title='bbox 396 1627 449 1669; x_wconf 90' lang='lat' dir='ltr'>suo</span> <span class='ocrx_word' id='word_1_108' title='bbox 472 1608 612 1688; x_wconf 87' lang='lat' dir='ltr'>pepulere</span> <span class='ocrx_word' id='word_1_109' title='bbox 635 1608 688 1670; x_wconf 90' lang='lat' dir='ltr'>ubi</span> <span class='ocrx_word' id='word_1_110' title='bbox 709 1627 834 1689; x_wconf 91' lang='lat' dir='ltr'>corpore</span> <span class='ocrx_word' id='word_1_111' title='bbox 857 1627 985 1670; x_wconf 91' lang='lat' dir='ltr'>sensum.</span> <span class='ocrx_word' id='word_1_112' title='bbox 1119 1632 1160 1673; x_wconf 78' lang='lat' dir='ltr'>sas</span> 
     </span>
     <span class='ocr_line' id='line_1_17' title="bbox 226 1697 1118 1778; baseline -0.001 -19"><span class='ocrx_word' id='word_1_113' title='bbox 226 1715 397 1778; x_wconf 87' lang='lat' dir='ltr'>corpoream</span> <span class='ocrx_word' id='word_1_114' title='bbox 418 1713 518 1759; x_wconf 84' lang='lat' dir='ltr'>uocem</span> <span class='ocrx_word' id='word_1_115' title='bbox 540 1715 656 1776; x_wconf 87' lang='lat' dir='ltr'>quoque</span> <span class='ocrx_word' id='word_1_116' title='bbox 679 1700 758 1758; x_wconf 91' lang='lat' dir='ltr'>enim</span> <span class='ocrx_word' id='word_1_117' title='bbox 781 1704 916 1758; x_wconf 86' lang='lat' dir='ltr'>constare</span> <span class='ocrx_word' id='word_1_118' title='bbox 939 1697 1118 1758; x_wconf 81' lang='lat' dir='ltr'>fatendumst</span> 
     </span>
     <span class='ocr_line' id='line_1_18' title="bbox 155 1785 1030 1866; baseline -0.008 -14"><span class='ocrx_word' id='word_1_119' title='bbox 155 1804 207 1853; x_wconf 68' lang='grc' dir='ltr'>διο</span> <span class='ocrx_word' id='word_1_120' title='bbox 227 1794 256 1848; x_wconf 91' lang='lat' dir='ltr'>et</span> <span class='ocrx_word' id='word_1_121' title='bbox 279 1788 421 1866; x_wconf 89' lang='lat' dir='ltr'>sonitum,</span> <span class='ocrx_word' id='word_1_122' title='bbox 444 1786 583 1864; x_wconf 82' lang='lat' dir='ltr'>quoniam</span> <span class='ocrx_word' id='word_1_123' title='bbox 604 1793 730 1864; x_wconf 89' lang='lat' dir='ltr'>possunt</span> <span class='ocrx_word' id='word_1_124' title='bbox 751 1785 893 1865; x_wconf 90' lang='lat' dir='ltr'>inpellere</span> <span class='ocrx_word' id='word_1_125' title='bbox 916 1803 1030 1846; x_wconf 90' lang='lat' dir='ltr'>sensus.</span> 
     </span>
     <span class='ocr_line' id='line_1_19' title="bbox 156 1874 948 1954; baseline 0.001 -20"><span class='ocrx_word' id='word_1_126' title='bbox 156 1890 211 1942; x_wconf 82' lang='lat'>526</span> <span class='ocrx_word' id='word_1_127' title='bbox 224 1881 376 1954; x_wconf 91' lang='lat' dir='ltr'>praeterea</span> <span class='ocrx_word' id='word_1_128' title='bbox 398 1874 476 1934; x_wconf 91' lang='lat' dir='ltr'>radit</span> <span class='ocrx_word' id='word_1_129' title='bbox 497 1892 553 1934; x_wconf 82' lang='lat' dir='ltr'>vox</span> <span class='ocrx_word' id='word_1_130' title='bbox 576 1874 675 1934; x_wconf 91' lang='lat' dir='ltr'>fauces</span> <span class='ocrx_word' id='word_1_131' title='bbox 698 1892 799 1954; x_wconf 87' lang='lat' dir='ltr'>saepe,</span> <span class='ocrx_word' id='word_1_132' title='bbox 821 1874 948 1953; x_wconf 81' lang='lat' dir='ltr'>facitque</span> 
     </span>
     <span class='ocr_line' id='line_1_20' title="bbox 227 1961 913 2042; baseline -0.003 -19"><span class='ocrx_word' id='word_1_133' title='bbox 227 1964 377 2041; x_wconf 91' lang='lat' dir='ltr'>asperiora</span> <span class='ocrx_word' id='word_1_134' title='bbox 399 1962 478 2023; x_wconf 92' lang='lat' dir='ltr'>foras</span> <span class='ocrx_word' id='word_1_135' title='bbox 500 1961 637 2040; x_wconf 83' lang='lat' dir='ltr'>gradiens</span> <span class='ocrx_word' id='word_1_136' title='bbox 661 1965 769 2023; x_wconf 88' lang='lat' dir='ltr'>arteria</span> <span class='ocrx_word' id='word_1_137' title='bbox 791 1961 913 2042; x_wconf 71' lang='lat' dir='ltr'>emmor,</span> 
     </span>
     <span class='ocr_line' id='line_1_21' title="bbox 228 2049 1161 2130; baseline 0.004 -20"><span class='ocrx_word' id='word_1_138' title='bbox 228 2053 350 2130; x_wconf 90' lang='lat' dir='ltr'>quippe,</span> <span class='ocrx_word' id='word_1_139' title='bbox 372 2057 605 2128; x_wconf 82' lang='lat' dir='ltr'>perangustum</span> <span class='ocrx_word' id='word_1_140' title='bbox 627 2049 714 2111; x_wconf 92' lang='lat' dir='ltr'>turba</span> <span class='ocrx_word' id='word_1_141' title='bbox 735 2053 846 2112; x_wconf 88' lang='lat' dir='ltr'>maiore</span> <span class='ocrx_word' id='word_1_142' title='bbox 869 2057 969 2111; x_wconf 91' lang='lat' dir='ltr'>coorta</span> <span class='ocrx_word' id='word_1_143' title='bbox 1120 2074 1161 2114; x_wconf 80' lang='lat' dir='ltr'>sao</span> 
     </span>
     <span class='ocr_line' id='line_1_22' title="bbox 227 2137 948 2217; baseline -0.001 -18"><span class='ocrx_word' id='word_1_144' title='bbox 227 2140 271 2199; x_wconf 92' lang='lat' dir='ltr'>ire</span> <span class='ocrx_word' id='word_1_145' title='bbox 295 2138 374 2198; x_wconf 88' lang='lat' dir='ltr'>foras</span> <span class='ocrx_word' id='word_1_146' title='bbox 396 2137 448 2198; x_wconf 93' lang='lat' dir='ltr'>ubi</span> <span class='ocrx_word' id='word_1_147' title='bbox 471 2145 632 2217; x_wconf 92' lang='lat' dir='ltr'>coeperunt</span> <span class='ocrx_word' id='word_1_148' title='bbox 652 2139 814 2217; x_wconf 91' lang='lat' dir='ltr'>primordia</span> <span class='ocrx_word' id='word_1_149' title='bbox 836 2156 948 2199; x_wconf 86' lang='lat' dir='ltr'>vocum.</span> 
     </span>
     <span class='ocr_line' id='line_1_23' title="bbox 156 2225 983 2307; baseline -0.012 -12"><span class='ocrx_word' id='word_1_150' title='bbox 156 2243 208 2294; x_wconf 72' lang='lat'>516</span> <span class='ocrx_word' id='word_1_151' title='bbox 228 2225 353 2306; x_wconf 90' lang='lat' dir='ltr'>scilicet,</span> <span class='ocrx_word' id='word_1_152' title='bbox 376 2225 501 2305; x_wconf 85' lang='lat' dir='ltr'>expletis</span> <span class='ocrx_word' id='word_1_153' title='bbox 524 2244 641 2305; x_wconf 87' lang='lat' dir='ltr'>quoque</span> <span class='ocrx_word' id='word_1_154' title='bbox 664 2228 752 2287; x_wconf 92' lang='lat' dir='ltr'>ianua</span> <span class='ocrx_word' id='word_1_155' title='bbox 774 2227 888 2287; x_wconf 92' lang='lat' dir='ltr'>raditur</span> <span class='ocrx_word' id='word_1_156' title='bbox 911 2229 983 2307; x_wconf 90' lang='lat' dir='ltr'>oris,</span> 
     </span>
     <span class='ocr_line' id='line_1_24' title="bbox 650 2333 667 2371; baseline 0 -9"><span class='ocrx_word' id='word_1_157' title='bbox 650 2333 667 2371; x_wconf 58' lang='lat' dir='ltr'><strong>n</strong></span> 
     </span>
     <span class='ocr_line' id='line_1_25' title="bbox 158 2401 1125 2481; baseline 0.001 -19"><span class='ocrx_word' id='word_1_158' title='bbox 158 2420 211 2471; x_wconf 84' lang='lat'>531</span> <span class='ocrx_word' id='word_1_159' title='bbox 228 2402 305 2463; x_wconf 92' lang='lat' dir='ltr'>baud</span> <span class='ocrx_word' id='word_1_160' title='bbox 328 2404 419 2481; x_wconf 81' lang='lat' dir='ltr'>igitur</span> <span class='ocrx_word' id='word_1_161' title='bbox 442 2401 593 2463; x_wconf 86' lang='lat' dir='ltr'>dubiumst</span> <span class='ocrx_word' id='word_1_162' title='bbox 615 2405 687 2481; x_wconf 89' lang='lat' dir='ltr'>quin</span> <span class='ocrx_word' id='word_1_163' title='bbox 709 2421 796 2463; x_wconf 91' lang='lat' dir='ltr'>voces</span> <span class='ocrx_word' id='word_1_164' title='bbox 818 2402 965 2481; x_wconf 86' lang='lat' dir='ltr'>verbaque</span> <span class='ocrx_word' id='word_1_165' title='bbox 989 2410 1125 2463; x_wconf 88' lang='lat' dir='ltr'>constent</span> 
     </span>
     <span class='ocr_line' id='line_1_26' title="bbox 228 2489 949 2571; baseline -0.001 -20"><span class='ocrx_word' id='word_1_166' title='bbox 228 2493 378 2570; x_wconf 90' lang='lat' dir='ltr'>corporeis</span> <span class='ocrx_word' id='word_1_167' title='bbox 402 2509 418 2551; x_wconf 95' lang='lat' dir='ltr'><strong>e</strong></span> <span class='ocrx_word' id='word_1_168' title='bbox 441 2493 610 2571; x_wconf 83' lang='lat' dir='ltr'>principiis,</span> <span class='ocrx_word' id='word_1_169' title='bbox 632 2498 665 2550; x_wconf 90' lang='lat' dir='ltr'>ut</span> <span class='ocrx_word' id='word_1_170' title='bbox 687 2489 804 2551; x_wconf 89' lang='lat' dir='ltr'>laedere</span> <span class='ocrx_word' id='word_1_171' title='bbox 826 2493 949 2570; x_wconf 91' lang='lat' dir='ltr'>possint.</span> 
     </span>
     <span class='ocr_line' id='line_1_27' title="bbox 227 2578 1164 2658; baseline 0.003 -19"><span class='ocrx_word' id='word_1_172' title='bbox 227 2598 283 2639; x_wconf 89' lang='lat' dir='ltr'>nec</span> <span class='ocrx_word' id='word_1_173' title='bbox 305 2586 334 2639; x_wconf 90' lang='lat' dir='ltr'>te</span> <span class='ocrx_word' id='word_1_174' title='bbox 357 2578 431 2639; x_wconf 91' lang='lat' dir='ltr'>fallit</span> <span class='ocrx_word' id='word_1_175' title='bbox 452 2581 523 2639; x_wconf 90' lang='lat' dir='ltr'>item</span> <span class='ocrx_word' id='word_1_176' title='bbox 547 2578 618 2657; x_wconf 89' lang='lat' dir='ltr'>quid</span> <span class='ocrx_word' id='word_1_177' title='bbox 640 2580 774 2657; x_wconf 91' lang='lat' dir='ltr'>corporis</span> <span class='ocrx_word' id='word_1_178' title='bbox 797 2579 910 2639; x_wconf 90' lang='lat' dir='ltr'>auferat</span> <span class='ocrx_word' id='word_1_179' title='bbox 932 2586 962 2639; x_wconf 93' lang='lat' dir='ltr'>et</span> <span class='ocrx_word' id='word_1_180' title='bbox 984 2579 1054 2658; x_wconf 89' lang='lat' dir='ltr'>quid</span> <span class='ocrx_word' id='word_1_181' title='bbox 1122 2602 1164 2643; x_wconf 80' lang='lat' dir='ltr'>ses</span> 
     </span>
     <span class='ocr_line' id='line_1_28' title="bbox 228 2666 1003 2746; baseline -0.001 -19"><span class='ocrx_word' id='word_1_182' title='bbox 228 2666 362 2728; x_wconf 88' lang='lat' dir='ltr'>detrabat</span> <span class='ocrx_word' id='word_1_183' title='bbox 385 2685 421 2727; x_wconf 81' lang='lat' dir='ltr'><strong>ex</strong></span> <span class='ocrx_word' id='word_1_184' title='bbox 443 2666 595 2727; x_wconf 91' lang='lat' dir='ltr'>bominum</span> <span class='ocrx_word' id='word_1_185' title='bbox 617 2669 716 2727; x_wconf 73' lang='lat' dir='ltr'>nands</span> <span class='ocrx_word' id='word_1_186' title='bbox 739 2685 772 2727; x_wconf 93' lang='lat' dir='ltr'>ac</span> <span class='ocrx_word' id='word_1_187' title='bbox 795 2667 909 2727; x_wconf 83' lang='lat' dir='ltr'>viribus</span> <span class='ocrx_word' id='word_1_188' title='bbox 930 2668 1003 2746; x_wconf 91' lang='lat' dir='ltr'>ipsis</span> 
     </span>
     <span class='ocr_line' id='line_1_29' title="bbox 157 2754 962 2835; baseline -0.006 -16"><span class='ocrx_word' id='word_1_189' title='bbox 157 2772 209 2823; x_wconf 79' lang='lat' dir='ltr'>sao</span> <span class='ocrx_word' id='word_1_190' title='bbox 227 2761 389 2835; x_wconf 91' lang='lat' dir='ltr'>perpetuus</span> <span class='ocrx_word' id='word_1_191' title='bbox 412 2772 510 2815; x_wconf 92' lang='lat' dir='ltr'>sermo</span> <span class='ocrx_word' id='word_1_192' title='bbox 532 2756 628 2832; x_wconf 85' lang='lat' dir='ltr'>nigrai</span> <span class='ocrx_word' id='word_1_193' title='bbox 649 2756 746 2814; x_wconf 90' lang='lat' dir='ltr'>noctis</span> <span class='ocrx_word' id='word_1_194' title='bbox 769 2754 805 2815; x_wconf 92' lang='lat' dir='ltr'>ad</span> <span class='ocrx_word' id='word_1_195' title='bbox 827 2754 962 2815; x_wconf 91' lang='lat' dir='ltr'>umbram</span> 
     </span>
     <span class='ocr_line' id='line_1_30' title="bbox 157 2842 899 2923; baseline -0.012 -11"><span class='ocrx_word' id='word_1_196' title='bbox 157 2861 213 2912; x_wconf 86' lang='lat'>536</span> <span class='ocrx_word' id='word_1_197' title='bbox 229 2861 351 2904; x_wconf 83' lang='lat' dir='ltr'>amorne</span> <span class='ocrx_word' id='word_1_198' title='bbox 374 2843 534 2921; x_wconf 88' lang='lat' dir='ltr'>perductus</span> <span class='ocrx_word' id='word_1_199' title='bbox 557 2842 592 2903; x_wconf 88' lang='lat' dir='ltr'>ab</span> <span class='ocrx_word' id='word_1_200' title='bbox 616 2845 767 2904; x_wconf 85' lang='lat' dir='ltr'>exoriente</span> <span class='ocrx_word' id='word_1_201' title='bbox 790 2845 899 2923; x_wconf 89' lang='lat' dir='ltr'>nitore,</span> 
     </span>
     <span class='ocr_line' id='line_1_31' title="bbox 227 2931 1029 3011; baseline 0 -19"><span class='ocrx_word' id='word_1_202' title='bbox 227 2932 404 3011; x_wconf 88' lang='lat' dir='ltr'>praesertim</span> <span class='ocrx_word' id='word_1_203' title='bbox 427 2933 543 2991; x_wconf 92' lang='lat' dir='ltr'>sicum</span> <span class='ocrx_word' id='word_1_204' title='bbox 565 2931 859 2992; x_wconf 88' lang='lat' dir='ltr'>summostclamore</span> <span class='ocrx_word' id='word_1_205' title='bbox 881 2932 1029 3011; x_wconf 91' lang='lat' dir='ltr'>profusus.</span> 
     </span>
     <span class='ocr_line' id='line_1_32' title="bbox 228 3027 1164 3100; baseline 0.003 -21"><span class='ocrx_word' id='word_1_206' title='bbox 228 3037 298 3099; x_wconf 84' lang='lat' dir='ltr'>ergo</span> <span class='ocrx_word' id='word_1_207' title='bbox 321 3036 494 3097; x_wconf 89' lang='lat' dir='ltr'>corpoream</span> <span class='ocrx_word' id='word_1_208' title='bbox 515 3036 617 3079; x_wconf 84' lang='lat' dir='ltr'>rocem</span> <span class='ocrx_word' id='word_1_209' title='bbox 640 3027 774 3080; x_wconf 90' lang='lat' dir='ltr'>constare</span> <span class='ocrx_word' id='word_1_210' title='bbox 797 3027 962 3100; x_wconf 88' lang='lat' dir='ltr'>necessest,</span> <span class='ocrx_word' id='word_1_211' title='bbox 1124 3043 1164 3082; x_wconf 78' lang='lat' dir='ltr'>cco</span> 
     </span>
     <span class='ocr_line' id='line_1_33' title="bbox 228 3106 1108 3187; baseline 0 -19"><span class='ocrx_word' id='word_1_212' title='bbox 228 3107 319 3168; x_wconf 92' lang='lat' dir='ltr'>multa</span> <span class='ocrx_word' id='word_1_213' title='bbox 341 3106 465 3185; x_wconf 89' lang='lat' dir='ltr'>loquens</span> <span class='ocrx_word' id='word_1_214' title='bbox 489 3109 627 3186; x_wconf 91' lang='lat' dir='ltr'>quoniam</span> <span class='ocrx_word' id='word_1_215' title='bbox 649 3109 757 3169; x_wconf 90' lang='lat' dir='ltr'>amittit</span> <span class='ocrx_word' id='word_1_216' title='bbox 779 3106 815 3168; x_wconf 94' lang='lat' dir='ltr'>de</span> <span class='ocrx_word' id='word_1_217' title='bbox 839 3125 963 3186; x_wconf 92' lang='lat' dir='ltr'>corpore</span> <span class='ocrx_word' id='word_1_218' title='bbox 985 3115 1108 3187; x_wconf 91' lang='lat' dir='ltr'>partem.</span> 
     </span>
     <span class='ocr_line' id='line_1_34' title="bbox 159 3189 1164 3280; baseline -0.005 -16"><span class='ocrx_word' id='word_1_219' title='bbox 159 3214 209 3264; x_wconf 76' lang='lat'>525</span> <span class='ocrx_word' id='word_1_220' title='bbox 228 3189 238 3280; x_wconf 73' lang='lat' dir='ltr'>ll</span> <span class='ocrx_word' id='word_1_221' title='bbox 251 3197 394 3274; x_wconf 90' lang='lat' dir='ltr'>asperitas</span> <span class='ocrx_word' id='word_1_222' title='bbox 417 3201 514 3255; x_wconf 92' lang='lat' dir='ltr'>autem</span> <span class='ocrx_word' id='word_1_223' title='bbox 537 3198 617 3256; x_wconf 86' lang='lat' dir='ltr'>vocis</span> <span class='ocrx_word' id='word_1_224' title='bbox 639 3196 674 3257; x_wconf 88' lang='lat' dir='ltr'>fit</span> <span class='ocrx_word' id='word_1_225' title='bbox 695 3195 731 3257; x_wconf 92' lang='lat' dir='ltr'>ab</span> <span class='ocrx_word' id='word_1_226' title='bbox 755 3198 911 3274; x_wconf 90' lang='lat' dir='ltr'>asperitate</span> <span class='ocrx_word' id='word_1_227' title='bbox 1125 3218 1164 3259; x_wconf 77' lang='lat' dir='ltr'>aar</span> 
     </span>
     <span class='ocr_line' id='line_1_35' title="bbox 158 3282 979 3364; baseline -0.009 -13"><span class='ocrx_word' id='word_1_228' title='bbox 158 3300 210 3351; x_wconf 77' lang='lat'>541</span> <span class='ocrx_word' id='word_1_229' title='bbox 227 3285 456 3364; x_wconf 89' lang='lat' dir='ltr'>principiorum,</span> <span class='ocrx_word' id='word_1_230' title='bbox 480 3291 509 3343; x_wconf 89' lang='lat' dir='ltr'>et</span> <span class='ocrx_word' id='word_1_231' title='bbox 532 3285 603 3344; x_wconf 89' lang='lat' dir='ltr'>item</span> <span class='ocrx_word' id='word_1_232' title='bbox 625 3282 707 3344; x_wconf 84' lang='lat' dir='ltr'>levor</span> <span class='ocrx_word' id='word_1_233' title='bbox 728 3283 826 3344; x_wconf 88' lang='lat' dir='ltr'>levore</span> <span class='ocrx_word' id='word_1_234' title='bbox 850 3292 979 3344; x_wconf 89' lang='lat' dir='ltr'>creatur:</span> 
     </span>
     <span class='ocr_line' id='line_1_36' title="bbox 229 3370 1167 3453; baseline 0.003 -21"><span class='ocrx_word' id='word_1_235' title='bbox 229 3389 284 3432; x_wconf 89' lang='lat' dir='ltr'>nec</span> <span class='ocrx_word' id='word_1_236' title='bbox 306 3370 397 3430; x_wconf 91' lang='lat' dir='ltr'>simili</span> <span class='ocrx_word' id='word_1_237' title='bbox 419 3379 575 3450; x_wconf 91' lang='lat' dir='ltr'>penetrant</span> <span class='ocrx_word' id='word_1_238' title='bbox 598 3374 678 3431; x_wconf 91' lang='lat' dir='ltr'>auris</span> <span class='ocrx_word' id='word_1_239' title='bbox 701 3371 860 3450; x_wconf 90' lang='lat' dir='ltr'>primordia</span> <span class='ocrx_word' id='word_1_240' title='bbox 884 3373 989 3453; x_wconf 90' lang='lat' dir='ltr'>forma,</span> <span class='ocrx_word' id='word_1_241' title='bbox 1127 3396 1167 3435; x_wconf 79' lang='lat' dir='ltr'>cn</span> 
     </span>
     <span class='ocr_line' id='line_1_37' title="bbox 230 3458 1075 3540; baseline -0.001 -18"><span class='ocrx_word' id='word_1_242' title='bbox 230 3458 390 3522; x_wconf 89' lang='lat' dir='ltr'>cumtuba</span> <span class='ocrx_word' id='word_1_243' title='bbox 414 3458 555 3538; x_wconf 89' lang='lat' dir='ltr'>depresso</span> <span class='ocrx_word' id='word_1_244' title='bbox 579 3463 706 3538; x_wconf 55' lang='lat' dir='ltr'>pariter</span> <span class='ocrx_word' id='word_1_245' title='bbox 728 3459 783 3520; x_wconf 90' lang='lat' dir='ltr'>snb</span> <span class='ocrx_word' id='word_1_246' title='bbox 806 3478 958 3521; x_wconf 91' lang='lat' dir='ltr'>murmure</span> <span class='ocrx_word' id='word_1_247' title='bbox 982 3464 1075 3540; x_wconf 79' lang='lat' dir='ltr'>mugit</span> 
     </span>
    </p>
   </div>
   <div class='ocr_carea' id='block_1_3' title="bbox 231 3547 1060 3631">
    <p class='ocr_par' dir='ltr' id='par_1_3' title="bbox 231 3547 1060 3631">
     <span class='ocr_line' id='line_1_38' title="bbox 231 3547 1060 3631; baseline 0.001 -22"><span class='ocrx_word' id='word_1_248' title='bbox 231 3557 262 3609; x_wconf 89' lang='lat' dir='ltr'>et</span> <span class='ocrx_word' id='word_1_249' title='bbox 283 3547 407 3609; x_wconf 90' lang='lat' dir='ltr'>reboant</span> <span class='ocrx_word' id='word_1_250' title='bbox 429 3566 550 3610; x_wconf 89' lang='lat' dir='ltr'>raucum</span> <span class='ocrx_word' id='word_1_251' title='bbox 573 3556 653 3610; x_wconf 91' lang='lat' dir='ltr'>retro</span> <span class='ocrx_word' id='word_1_252' title='bbox 676 3549 739 3609; x_wconf 94' lang='lat' dir='ltr'>loca</span> <span class='ocrx_word' id='word_1_253' title='bbox 760 3548 884 3610; x_wconf 90' lang='lat' dir='ltr'>barbara</span> <span class='ocrx_word' id='word_1_254' title='bbox 906 3549 1060 3631; x_wconf 90' lang='lat' dir='ltr'>bombum,</span> 
     </span>
    </p>
   </div>
   <div class='ocr_carea' id='block_1_4' title="bbox 0 0 1234 3998">
    <p class='ocr_par' dir='ltr' id='par_1_4' title="bbox 0 0 1234 3998">
     <span class='ocr_line' id='line_1_39' title="bbox 0 0 1234 3998; baseline 0 0"><span class='ocrx_word' id='word_1_255' title='bbox 0 0 1234 3998; x_wconf 95' lang='lat' dir='ltr'> </span> 
     </span>
    </p>
   </div>
  </div>
 </body>
</html>
