2438 3998
166 245 230 310 144
651 243 677 297 V

236 410 311 471 quae
334 409 430 469 neque
453 399 533 452 terra
556 389 615 450 sibi
638 390 761 451 adscivit
783 409 838 451 nec
860 392 1005 450 maximus
1028 390 1148 470 aether,

236 480 314 558 quod
337 472 442 557 neque
456 485 517 539 tam
539 479 660 540 fuerunt
683 481 781 557 gravia
803 485 836 539 ut
859 479 998 557 depressa
1022 479 1174 560 sederent,

165 583 217 633 444
235 585 291 629 444
313 566 388 629 levia
410 574 443 627 ut
465 574 587 646 possent
608 585 662 646 per
685 584 814 627 summas
836 565 929 627 labier
952 585 1032 647 oras,
1134 591 1174 631 444

164 664 220 716 476
236 663 266 716 44
287 663 386 716 tamen
408 658 628 733 interutrasque
651 657 692 714 ita
715 662 797 735 sunt,
819 663 854 716 ut
876 673 998 734 corpora
1021 657 1086 715 viva

236 751 355 805 versent
377 751 407 804 et
428 751 527 823 partes
550 750 584 803 ut
605 743 708 803 mundi
730 745 821 804 totius
844 750 957 824 extent3

237 832 315 911 quod
338 850 432 911 genus
454 834 487 892 in
509 831 594 891 nobis
618 831 760 911 quaedam
783 830 854 891 licet
875 834 907 891 in
931 833 1056 892 statione

236 919 368 980 membra
390 938 519 1000 manere,
541 926 640 979 tamen
663 937 730 980 cum
754 921 814 979 sint
837 938 870 979 ea
893 938 967 998 quae
988 929 1173 982 moveantur.

165 1023 218 1073 440
236 1008 283 1068 his
306 1010 397 1087 igitur
418 1008 509 1068 rebus
531 1009 667 1068 retractis
691 1016 771 1067 terra
794 1016 929 1087 repente,
1134 1034 1174 1073 444

165 1107 220 1159 481
236 1115 371 1157 maxuma
395 1115 451 1175 qua
473 1114 553 1156 nunc
576 1114 607 1156 se
630 1098 713 1173 ponti
735 1095 819 1175 plaga
842 1095 956 1156 caerula
979 1096 1087 1177 tendit,

236 1185 363 1246 succidit
385 1191 415 1245 et
438 1183 513 1244 salso
537 1184 659 1244 suffudit
682 1186 796 1263 gurgite
819 1184 921 1244 fossas.

236 1276 326 1351 inque
349 1272 413 1332 dies
436 1278 544 1350 quanto
568 1273 680 1332 circum
703 1275 796 1351 magis
819 1272 946 1332 aetheris
970 1280 1069 1332 aestus

238 1368 268 1421 et
289 1360 364 1420 radii
387 1359 457 1420 solis
481 1358 623 1437 cogebant
645 1360 775 1438 undique
798 1367 909 1420 terram

102 1509 104 1512 Α
166 1465 219 1513 474
237 1447 410 1508 verberibus
434 1447 547 1508 crebris
571 1456 701 1508 extrema
724 1448 760 1508 ad
783 1447 884 1508 limina
907 1451 938 1508 in
961 1455 1071 1532 artum,
1133 1473 1174 1513 444

88 1544 91 1549 “
165 1547 223 1600 488
237 1538 269 1596 in
291 1535 388 1595 medio
411 1543 444 1596 ut
466 1535 605 1615 propulsa
628 1553 682 1596 suo
705 1536 852 1597 condensa
875 1539 981 1616 coiret,

237 1631 297 1685 tam
319 1626 412 1703 magis
436 1642 593 1703 expressus
617 1623 711 1684 salsus
734 1624 769 1685 de
793 1642 916 1705 corpore
940 1624 1030 1684 sudor

238 1711 363 1791 augebat
384 1731 465 1773 mare
488 1712 632 1772 manando
655 1731 832 1791 camposque
854 1715 994 1794 natantiS,

238 1808 268 1862 et
289 1809 370 1862 tanto
392 1803 486 1879 magis
508 1800 557 1861 illa
580 1801 658 1861 40444
681 1800 779 1879 elapsa
802 1800 936 1861 volabant

168 1904 219 1953 480
238 1907 362 1968 corpora
384 1889 475 1950 multa
497 1891 614 1968 vaporis
637 1895 667 1949 et
690 1891 767 1949 aeris
789 1888 905 1968 altaque
928 1888 1001 1950 caeli
1133 1914 1175 1954 440

167 1986 220 2038 491
239 1977 402 2038 densehant
423 1976 526 2056 procul
548 1996 565 2037 a
587 1979 676 2037 terris
699 1977 839 2055 fulgentia
860 1976 977 2055 templa.

239 2065 374 2125 sidebant
397 2067 505 2146 campi,
528 2064 700 2126 crescebant
722 2065 871 2126 montibus
894 2065 959 2126 altis

240 2171 392 2213 ascensus:
414 2171 511 2232 neque
534 2156 613 2213 enim
635 2161 772 2233 poterant
794 2152 947 2214 subsidere
971 2170 1040 2213 saxa

239 2260 295 2301 nec
317 2242 429 2319 pariter
450 2242 623 2302 tantundem
646 2259 748 2302 omnes
772 2241 963 2302 succumbere
985 2243 1088 2319 partis.

168 2343 220 2393 484
284 2328 332 2390 Sic
354 2331 445 2407 igitur
467 2336 564 2390 terrae
587 2338 725 2390 concreto
749 2347 872 2407 corpore
894 2329 1010 2408 pondus
1133 2354 1175 2394 444

167 2429 223 2480 494
239 2419 383 2497 constitit,
407 2425 493 2496 atque
517 2419 613 2478 omnis
635 2417 739 2477 mundi
761 2420 845 2495 quasi
866 2417 955 2478 limus
977 2420 1008 2476 in
1030 2420 1127 2479 imum

240 2505 382 2567 confluxit
404 2509 500 2585 gravis
523 2513 553 2566 et
575 2504 709 2566 subsedit
731 2504 863 2566 funditus
885 2512 919 2566 ut
940 2505 1019 2585 faex3

239 2594 308 2654 inde
331 2612 425 2675 mare,
447 2594 516 2654 inde
539 2597 603 2674 aer,
625 2592 694 2652 inde
717 2593 819 2653 aether
840 2593 949 2672 ignifer
970 2596 1034 2672 ipse

240 2682 414 2761 corporibus
436 2680 556 2760 liquidis
580 2688 649 2742 sunt
671 2683 769 2742 omnia
790 2699 865 2759 pura
886 2681 989 2742 relicta

169 2785 222 2834 494
240 2778 270 2831 44
291 2769 401 2831 leviora
423 2769 488 2830 aliis
512 2769 580 2849 alia,
602 2775 632 2829 et
654 2768 869 2849 liquidissimus
891 2769 993 2830 aether
1136 2796 1177 2835 400

169 2866 326 2937 501atque
349 2857 516 2918 levissimus
539 2858 633 2917 aerias
657 2875 747 2938 snper
769 2858 867 2918 influit
888 2876 987 2938 annac,

239 2965 295 3007 nec
317 2946 461 3025 liquidum
484 2963 591 3023 corpus
614 2945 800 3007 turbantibus
823 2947 900 3006 aeris
923 2948 1003 3007 auris

241 3037 424 3114 commiscet3
447 3035 519 3094 sinit
539 3033 613 3094 haec
634 3033 771 3095 violentis
794 3036 891 3095 omnia
913 3036 990 3095 verti
1034 3097 1037 3105 ,

239 3121 422 3202 turbinibus,
445 3123 517 3181 sinit
539 3123 662 3183 incertis
684 3121 803 3183 turbare
826 3122 977 3203 procellis,

169 3227 221 3277 444
240 3213 304 3289 ipse
328 3228 397 3270 suos
420 3211 497 3288 ignis
521 3216 602 3270 certo
625 3210 683 3271 fert
704 3213 812 3289 impete
836 3209 946 3271 labens.
1135 3237 1177 3277 404

171 3309 225 3361 406
241 3316 308 3358 nam
331 3297 446 3357 modice
469 3297 561 3358 fluere
584 3304 672 3376 atque
695 3316 753 3358 440
777 3316 864 3377 posse
888 3299 1006 3359 aethera
1028 3301 1096 3360 nisu

241 3386 387 3464 significat
408 3385 530 3466 Pontos,
553 3403 633 3446 mare
657 3392 738 3446 certo
761 3386 839 3465 quod
861 3385 928 3447 fluit
950 3394 1033 3447 aestu

240 3492 332 3536 unum
354 3472 472 3535 labendi
495 3491 672 3535 conservans
694 3492 788 3552 usque
810 3481 951 3536 tenorem.
1135 3500 1176 3543 50⁸

284 3563 434 3643 Terraque
457 3565 543 3624 utin
567 3562 663 3623 media
684 3563 789 3624 mundi
810 3565 930 3642 regione
954 3566 1101 3646 quiescat,
1135 3588 1177 3629 444
