2438 3998
402 301 405 308 Ι
432 208 713 282 momsolmm.
1017 226 1078 282 Lm

69 372 185 434 LucreI
212 368 298 434 1879
320 391 348 453 p.
370 369 441 434 196.
478 372 584 452 probat
606 373 716 435 Giuss.:
743 371 791 434 1an
812 370 912 435 morbi
933 372 992 444 00.
1015 373 1077 434 Lm

69 459 100 521 Β.
118 459 173 521 Mr.
191 456 254 522 vist
272 456 373 522 morbi
391 506 398 520 .
413 506 442 520 ..
466 457 571 523 turbat
591 477 685 541 aqens
706 451 818 524 animd
842 477 977 541 spumas,
1001 461 1079 540 quod

70 556 100 610 et
131 555 270 609 ametro
302 555 332 608 et
364 566 380 607 a
409 550 554 610 sententia
585 548 711 631 laborat,
747 549 853 630 Tohte,
885 569 951 610 ann.
978 549 1078 630 philol.

69 632 173 696 LXVII
199 633 271 697 123.
313 631 418 697 turbat
442 653 536 716 aqms
559 634 700 699 animam
721 654 871 716 spwmans
892 634 928 699 in
950 637 1009 708 00.
1032 634 1080 699 v'is

68 719 169 787 morbi
187 770 194 785 .
210 770 238 786 ..
258 719 371 799 lwrbal,
395 740 489 803 aqens
516 723 657 786 ammam
682 728 818 804 spumat,
841 723 933 804 quasi
958 722 994 787 'ln
1017 723 1078 785 Lm.

69 811 123 874 llr.
156 845 200 855 -
232 808 297 873 529
328 808 481 874 scindllwr
511 813 603 892 atquo·
631 810 756 875 animae
786 811 933 891 quoniam
963 815 1081 875 namra

69 901 150 962 lunt.
169 899 282 961 llarull.
301 897 368 978 Brg.
386 899 486 978 philol.
506 900 609 961 XXVII
626 898 669 963 48
689 918 745 979 sq.:
768 901 858 978 atque
880 899 985 961 (mimo
1007 898 1080 962 haec

70 984 219 1067 quoniam
240 987 300 1059 00.
327 1003 422 1066 usque
449 986 524 1051 adeo
550 985 625 1051 haec
646 986 708 1047 Lm.
736 1005 829 1066 aeque
856 986 981 1049 animm
1007 985 1081 1049 haec

70 1074 101 1137 Β.
129 1073 212 1156 Itqtae
242 1073 368 1138 ammas
399 1072 455 1138 hoc
485 1069 531 1160 (7)
563 1076 615 1136 Mr.
644 1092 737 1154 aeque
763 1073 888 1137 animae
913 1072 963 1137 llo
986 1069 1078 1158 (hele)

70 1160 143 1224 Poll
168 1163 267 1243 philol
290 1163 381 1224 XXVI
403 1160 477 1224 334.
504 1197 542 1207 -
568 1160 633 1226 530
660 1162 782 1226 sincera
803 1161 918 1244 existit,
941 1162 1019 1242 quod
1047 1170 1081 1223 ut

70 1269 144 1314 num
173 1252 246 1312 ferri
267 1258 370 1331 posset
392 1250 463 1312 olim
486 1250 631 1332 dubilavi,
654 1252 690 1313 cl.
713 1251 812 1330 phIlol.
836 1250 938 1312 XXVII
960 1248 1017 1333 49,
1039 1252 1080 1312 ila

71 1359 109 1401 ne
136 1357 217 1400 nunc
245 1340 364 1417 quidem
392 1338 576 1400 confidenter
603 1339 710 1401 scribo.
738 1373 779 1383 —
808 1336 991 1402 546-549
1015 1358 1079 1419 sqq.

69 1429 100 1491 el
115 1425 265 1506 mmm
282 1429 383 1490 ...et
398 1422 491 1490 veluti
508 1473 515 1488 .
531 1475 537 1487 .
552 1447 577 1488 .:
596 1428 633 1488 de
651 1427 824 1489 anacolutho
843 1429 879 1488 cl.
897 1447 926 1506 p.
944 1426 1011 1487 XXI
1028 1460 1079 1487 —.

70 1513 137 1579 548
162 1520 282 1595 atque
299 1514 358 1587 00.
376 1514 472 1576 ka.
491 1515 558 1575 Mn:
581 1517 638 1576 cml
653 1515 715 1576 Lm.
733 1515 765 1576 Β.
787 1549 824 1558 -
845 1512 908 1577 551
932 1513 1081 1593 mpmvo

70 1600 279 1683 linqmmlwr
298 1597 440 1687 (Florem.
459 1595 517 1687 31)
536 1605 667 1682 tempore
683 1599 748 1666 tam·
766 1597 816 1686 (ls.
836 1596 948 1684 Voss.):
971 1601 1033 1663 Lm.
1049 1599 1080 1661 Β.

72 1695 91 1753 i.
112 1709 138 1753 e.
161 1691 338 1770 liuquunlur
360 1691 435 1772 tabi,
459 1709 533 1771 quae
557 1692 634 1751 intra
657 1689 745 1750 breve
768 1698 886 1768 tempus
908 1691 1007 1750 futura
1030 1691 1081 1769 sit3

71 1779 243 1842 λείπονται
258 1773 327 1863 (τῇ)
346 1774 384 1840 ἐν
397 1774 498 1862 ὀλίγῳ
517 1777 625 1862 χρόνῳ
639 1772 739 1856 τήξεις
762 1774 945 1856 llnquunlur
959 1824 965 1837 .
981 1825 987 1837 .
1003 1824 1009 1836 .
1024 1772 1087 1838 tall·

72 1867 132 1938 00.
156 1862 293 1929 chmlwr
314 1868 368 1928 ΜΓ.
389 1900 426 1910 -
449 1863 514 1929 555
533 1884 576 1945 sq.
600 1863 751 1928 adhaeret.
791 1860 934 1944 Denique
951 1865 1003 1925 ΜΓ.
1026 1862 1080 1926 am

71 1953 178 2018 haeret
196 1952 333 2036 denique,
350 1952 485 2034 corpores
503 1953 565 2014 Lm.
584 1953 616 2014 B.
640 1956 712 2013 salis
734 1955 823 2034 mir03
845 1952 911 2014 vide
936 1971 1009 2032 quae
1028 1953 1080 2013 Mr.

72 2048 106 2105 in
128 2049 189 2104 not
212 2042 226 2102 I
248 2043 348 2104 refert
375 2076 417 2085 -
440 2040 504 2105 571
529 2060 571 2121 sq.
598 2039 628 2102 si
650 2037 784 2103 solabere
809 2038 846 2102 ln
871 2057 903 2103 se
929 2038 1082 2103 animam

73 2133 166 2210 atque
190 2127 227 2192 'in
249 2146 304 2192 eos
323 2127 438 2210 poterit
463 2125 638 2192 commolere
662 2130 762 2191 motus
783 2128 846 2189 Lm.
868 2128 899 2188 Β.
924 2129 959 2188 ef.
981 2127 1081 2206 phiIoI.

73 2217 179 2279 XXVII
201 2214 257 2279 50:
289 2233 353 2280 sese
378 2215 489 2279 anIma
594 2214 631 2278 in
656 2233 706 2279 eos
727 2216 787 2287 00.
813 2232 877 2277 sese
903 2213 1012 2278 anima
1030 2260 1036 2275 .
1053 2260 1081 2275 2.

75 2305 111 2368 in
135 2323 169 2368 eo
191 2304 260 2367 Fab.
283 2304 395 2366 Wakef.
419 2304 509 2365 Goeb.
534 2311 645 2384 quaest.
668 2323 696 2383 p.
719 2302 761 2366 26
784 2302 855 2363 Poll.
880 2303 915 2363 de
944 2310 996 2362 art.
1020 2320 1081 2362 voc.

74 2411 102 2470 p.
117 2390 161 2454 23
175 2391 228 2453 ΜΓ.
245 2425 291 2436 -
308 2388 375 2454 584
389 2390 479 2472 foras
495 2392 643 2453 manante
660 2388 770 2453 anima
786 2404 914 2467 usque
927 2389 1084 2466 permlus

76 2479 138 2539 Lm.
162 2475 207 2538 B.:
232 2476 321 2558 foras
347 2479 482 2539 manant
506 2475 687 2555 animaeque
704 2523 711 2537 .
727 2520 755 2536 ..
774 2474 833 2547 00.
858 2474 948 2553 foras
974 2473 1085 2537 anima

75 2566 239 2629 mmmm
252 2612 259 2627 .
274 2613 281 2626 .
297 2612 304 2627 .
318 2566 371 2626 Mr.
391 2599 433 2608 —
452 2561 629 2626 590-604
647 2563 770 2625 seclusi:
788 2563 836 2623 his
855 2581 888 2622 ea
907 2565 1085 2641 interrumpi

76 2671 153 2734 quae
183 2671 244 2715 non
273 2652 416 2714 deberent
443 2653 516 2713 vidit
543 2651 689 2712 Christius
716 2651 735 2711 l.
763 2670 787 2711 c.
815 2669 843 2728 p.
874 2647 927 2730 19,
954 2651 1006 2728 qui
1033 2667 1084 2710 eos

75 2749 144 2822 post
171 2738 234 2803 577
263 2735 343 2825 (579
370 2734 448 2824 Lm.)
477 2740 608 2801 collocat.
640 2741 688 2799 cui
714 2739 819 2799 Munro
846 2741 887 2798 ila
915 2739 1085 2819 assentitur,

76 2837 110 2891 ut
138 2847 190 2890 eos
217 2831 295 2891 inter
318 2825 384 2892 575
406 2835 436 2888 et
458 2826 524 2890 576
547 2829 725 2908 interponat,
747 2844 804 2905 qua
827 2844 859 2887 re
882 2825 958 2886 male
981 2843 1085 2886 versus

76 2913 253 2980 574-577
279 2916 314 2978 ab
338 2935 373 2977 eo
392 2915 519 2995 capitulo
538 2914 663 2995 revellit,
686 2917 770 2975 euius
794 2913 922 2974 clausula
946 2919 1022 2973 sunt.
1042 2945 1084 2954 —

76 3003 144 3070 594
171 3001 321 3085 asangm
347 3001 453 3068 cadere
479 2999 586 3066 omnia
610 3017 776 3079 oorpore
797 2998 935 3063 membra
956 2999 1085 3059 Florem.

76 3093 129 3176 31,
153 3095 267 3155 Incerto
295 3095 482 3154 coniecturae
507 3098 637 3171 auctore,
659 3091 791 3171 impmmi
813 3090 897 3170 iussi,
920 3086 972 3149 ssd
996 3086 1086 3147 debui

78 3181 210 3244 scribere
228 3178 379 3262 asangm
390 3180 508 3259 faeie,
526 3197 552 3240 v.
571 3177 608 3238 Vl
626 3174 704 3241 804:
726 3196 794 3239 nam
811 3195 871 3237 non
895 3176 991 3236 solent
1013 3174 1087 3235 nudi

77 3289 158 3352 esse,
182 3287 309 3349 quorum
336 3271 433 3329 ammo
460 3267 536 3328 male
564 3268 605 3327 fit.
651 3267 833 3346 scripsisset,
859 3283 892 3325 re
921 3282 991 3324 sane
1019 3281 1086 3343 per·

77 3367 192 3440 specta,
220 3359 308 3418 stiam
330 3356 413 3418 Bkm.
438 3352 533 3436 facie,
556 3372 617 3415 non
639 3351 721 3434 m'su,
744 3355 770 3413 si
792 3353 881 3413 latine
905 3354 1008 3414 sciret:
1036 3368 1086 3412 esf

74 3442 191 3527 sanqui
217 3442 324 3508 cadere
349 3441 456 3506 munia
482 3438 620 3505 mmbra
645 3441 703 3513 00.
724 3487 730 3500 .
750 3487 783 3501 ..
811 3443 917 3502 trunco
938 3438 1001 3500 Lm.
1023 3437 1086 3518 Mn,

73 3533 161 3598 male.
186 3531 312 3596 horrore
324 3535 413 3594 eIIam
425 3533 512 3612 peius
525 3530 557 3591 Β.
574 3564 611 3573 -
623 3526 686 3591 607
701 3526 745 3590 ad
756 3524 896 3608 iugulum
913 3529 943 3588 et
954 3540 1086 3604 &speras
