2438 3998
102 233 193 290 XVIII
466 230 748 288 PROLIIGOMENA.

102 380 257 442 offendunt
283 381 327 440 eis
355 378 586 460 adnumeranda,
614 378 723 458 quibus
750 377 916 439 declaratur
942 376 1114 438 Lucretium

104 487 223 530 carmen
251 467 288 527 dc
311 485 412 528 rernm
439 474 543 528 natura
569 485 631 527 non
652 466 822 546 perfecisse.
867 468 1010 526 maiorem
1033 468 1115 526 enim

103 556 221 618 illarum
249 557 438 616 iterationum
465 563 580 635 partem
608 562 702 615 ortam
729 572 808 634 esse,
838 570 906 614 cum
928 561 1015 633 poeta
1037 554 1114 614 rele-

103 652 187 724 geret
209 663 284 724 quae
308 650 374 704 ante
399 646 566 724 scripserat,
589 645 652 703 reri
675 649 721 702 est
739 641 929 702 simillimum.
965 644 1025 701 iam
1042 660 1114 703 vero

103 733 189 793 facile
212 732 346 792 accidere
369 738 468 810 potest
490 739 531 813 ut,
556 733 583 791 si
606 733 673 811 quis
696 732 728 790 in
750 732 861 790 maiore
884 732 1015 790 carmine
1039 732 1114 791 scri·

103 820 200 881 bendo
223 820 344 898 longum
365 838 419 899 per
441 826 559 898 tempus
582 837 701 898 operam
724 825 891 899 consumat,
912 825 1028 896 partem
1048 835 1114 878 car·

104 910 193 969 minis
217 908 352 987 relegens
375 926 409 969 ea
432 908 548 988 adiciat,
573 925 648 986 quae
671 915 704 967 ut
726 925 830 985 parum
854 913 920 984 apta
943 905 1115 966 sublaturus

104 998 156 1078 sit,
183 995 236 1057 ubi
262 1003 357 1057 totum
384 995 541 1076 perlegens
568 995 605 1055 ad
633 1013 701 1055 eum
728 994 825 1054 locum
853 994 983 1054 redierit.
1034 993 1114 1073 quod

103 1084 179 1145 mihi
196 1086 255 1164 ipsi
272 1087 304 1145 in
323 1083 504 1144 carminibus
523 1082 688 1144 scribendis
707 1082 851 1143 accidisse
869 1080 997 1142 libenter
1010 1081 1114 1143 fateor.

103 1176 201 1251 possis
220 1175 320 1252 igitur,
340 1178 423 1232 caute
443 1178 473 1231 et
491 1173 706 1250 circumspecte
720 1170 863 1250 indicam,
882 1170 980 1230 dicere
994 1175 1115 1248 poetam

103 1259 150 1320 vel
173 1263 329 1320 immatura
346 1266 442 1319 morte
465 1258 511 1319 vel
533 1259 636 1319 morbo
660 1258 758 1337 aliquio
778 1261 911 1336 graviore
929 1257 1114 1336 prohibitum

103 1347 211 1428 videri,
253 1350 410 1426 quominus
445 1354 581 1425 poemata
618 1365 671 1406 sua
706 1346 842 1406 ultimum
878 1352 1041 1407 retractans
1079 1364 1115 1407 ea

104 1434 222 1495 tolleret
248 1442 299 1495 aut
330 1434 513 1515 emendaret,
541 1452 615 1514 qnae
642 1441 753 1494 temere
776 1433 823 1495 vel
846 1440 925 1494 certe
948 1451 1054 1513 parum
1077 1435 1113 1495 ad

105 1541 169 1583 rem
191 1523 345 1583 attendens
364 1522 529 1583 adiecisset.
565 1540 635 1601 ergo
658 1522 755 1583 nullae
778 1540 918 1582 versuum
940 1523 1114 1582 iterationes

104 1610 250 1672 tollendae
284 1617 365 1690 sunt,
397 1612 456 1671 nisi
488 1629 553 1692 eae,
589 1629 664 1690 qnae
696 1610 732 1670 ab
764 1611 829 1689 ipso
861 1616 948 1688 poeta
979 1628 1017 1669 ne
1049 1617 1114 1670 tum

106 1700 238 1780 quidem,
274 1717 342 1760 cnm
379 1699 453 1760 lorte
485 1717 590 1778 parum
622 1698 804 1779 attendebat,
839 1698 994 1758 videantur
1024 1716 1114 1776 posse

104 1788 254 1866 profectae
277 1805 352 1848 esse.

195 1874 253 1933 Sed
280 1877 339 1934 iam
365 1873 521 1933 redeamus
549 1873 584 1933 ad
607 1872 839 1934 Lachmannum:
866 1873 915 1933 hic
938 1875 1018 1934 enim
1041 1874 1114 1953 quid

105 1963 137 2020 in
164 1960 285 2021 Lucreti
317 1963 446 2020 carmine
474 1961 656 2021 emendando
683 1961 844 2021 tenendum
872 1967 902 2022 et
928 1961 1115 2040 sequendum

106 2050 269 2129 censuerit,
291 2054 358 2107 ante
382 2049 479 2107 omnia
503 2047 661 2108 videndum
684 2055 714 2108 et
735 2048 979 2129 perpendendum
1002 2051 1069 2110 erit.

193 2135 326 2196 Primum
352 2137 456 2216 igitur,
483 2134 519 2195 de
547 2143 609 2196 arte
636 2138 773 2216 metrica,
800 2144 880 2197 recte
907 2136 1114 2198 Lachmannus

106 2224 258 2285 contendit
280 2223 450 2284 Lucretium
477 2241 580 2283 versus
604 2224 640 2284 ad
662 2225 794 2302 regulam
817 2231 847 2285 et
869 2227 1010 2285 amussim
1033 2243 1114 2285 com-

105 2315 254 2393 posuisse,
286 2312 323 2372 cl.
351 2329 455 2371 comm.
483 2329 510 2390 p.
536 2307 591 2391 75,
619 2330 826 2392 summumque
854 2312 945 2373 luisse
973 2331 1115 2374 versuum

105 2403 261 2479 artificem,
284 2419 312 2478 p.
336 2396 413 2460 323:
438 2398 489 2459 sed
512 2399 605 2481 idem,
627 2402 716 2460 nimis
739 2403 834 2480 regie,
857 2403 971 2481 opinor,
993 2399 1116 2461 Lucreti

105 2496 199 2548 artem
228 2487 387 2548 artioribus
414 2487 633 2547 circumscribit
659 2487 780 2548 finibus:
813 2506 870 2566 qna
897 2491 928 2548 in
951 2506 984 2548 re
1007 2506 1114 2549 vereor

105 2583 138 2636 ut
166 2577 237 2636 satis
261 2576 319 2635 sibi
342 2581 468 2636 constet:
495 2594 587 2635 rrunm
610 2578 689 2636 enim
712 2594 831 2636 versum
852 2577 1074 2654 hypermetrum
1098 2596 1115 2638 a

104 2663 242 2725 Lucretio
270 2665 413 2742 scrIptnm
439 2680 499 2723 non
525 2670 625 2744 negat,
652 2682 745 2724 unum
771 2681 891 2724 versum
917 2666 949 2725 in
974 2671 1115 2742 quattuor

105 2752 252 2830 spondeos
284 2760 441 2812 exeuntem
472 2758 572 2830 negat:
605 2754 704 2830 itaque
737 2751 773 2812 ad
800 2751 818 2810 l.
845 2751 885 2811 III
915 2769 1020 2812 versus
1048 2749 1114 2814 198

104 2839 226 2900 alteram
257 2847 371 2918 partem
402 2840 648 2918 corrumpendam
680 2842 798 2918 signum
830 2839 923 2920 dedit,
953 2857 1051 2919 neque
1081 2859 1114 2900 rc

103 2934 268 3009 perspecta,
290 2946 359 2987 nam
381 2924 546 3007 spicarum,
569 2930 679 3007 quippe
702 2947 777 3007 quae
799 2946 919 3007 asperae
940 2929 1008 3008 sim,
1030 2946 1115 2989 men·

104 3019 184 3077 tione
213 3034 313 3077 carere
340 3034 401 3076 non
428 3033 599 3097 possumuS,
630 3034 727 3095 neque
755 3015 874 3077 Lucreti
899 3033 949 3075 res
976 3015 1115 3095 rhythmo

104 3104 284 3183 depingendi
302 3106 374 3164 artis
393 3122 515 3185 memor,
533 3106 618 3165 cuius
637 3104 869 3165 luculentissima
888 3103 1022 3183 exempla
1035 3103 1115 3166 hunc

103 3193 202 3270 ipsum
238 3210 357 3253 versum
393 3192 583 3273 antecedunt,
620 3194 655 3253 cl.
690 3192 789 3271 philol
821 3190 914 3252 XXIII
945 3187 1025 3273 567,
1062 3192 1116 3254 ubi

102 3287 202 3340 tamen
229 3277 331 3358 spicas
357 3280 430 3341 salso
457 3283 669 3360 interpretatus
697 3299 775 3362 sum,
806 3279 907 3360 philol.
933 3278 1037 3340 XXVII
1063 3277 1116 3362 33,

104 3386 170 3428 ann.
193 3367 309 3429 Lucret.
334 3365 419 3432 1873
443 3388 471 3448 p.
496 3365 590 3430 1119.
636 3387 695 3429 non
722 3372 847 3450 rectiuS,
876 3370 993 3450 opinor,
1021 3368 1116 3429 Lach-

103 3475 229 3517 mannus
244 3456 261 3517 l.
275 3456 312 3517 IV
327 3475 444 3519 versum
459 3455 522 3519 723
537 3464 640 3538 mutat,
658 3475 696 3517 ne
711 3456 866 3518 Lucretius
885 3457 978 3518 semel
990 3457 1117 3518 verbum

102 3546 262 3607 iambicum
285 3544 405 3606 eliserit.
448 3545 518 3624 quid
542 3564 621 3626 vero,
644 3545 722 3625 qnod
745 3545 825 3606 idem
848 3545 925 3624 apud
944 3544 1117 3606 Lucretium
