2438 3998
139 221 254 276 LXVHI
499 219 781 278 PROLEGOMENA.

140 365 197 432 dia
213 383 328 447 saepe
345 366 419 440 OQ:
442 366 503 429 Lm
517 383 643 446 εθυυρθθν,
662 368 740 446 quod
759 374 806 429 est
822 367 850 428 11
870 364 965 449 1058,
984 385 1151 448 perperam,

141 458 228 536 cf..p
252 455 402 537 Xlsq.-
359 451 494 516 -.430
513 452 588 517 431.
605 451 671 516 432
694 455 752 517 hcc
773 454 879 516 ordine
896 455 929 517 hi
946 473 1050 517 versus
1065 448 1172 539 (sunt

142 540 208 605 443
221 562 284 648 sqq
304 537 414 626 Lm.)
406 562 438 604 111
460 542 561 604 libris
568 550 678 625 extant,
701 542 753 604 sed
776 561 881 606 vereor
902 562 940 605 ue
962 545 1077 623 primus
1101 561 1150 604 ec·

141 651 209 694 rum
242 634 288 693 eis
315 631 431 693 duobus
458 633 511 712 qui
538 638 704 711 sequuntur
733 632 956 712 postponendus
982 633 1085 713 fuerit,
1117 639 1152 693 ut

142 719 325 782 scriberetur
346 717 429 799 quea
447 735 512 782 υθυ
534 716 665 782 omnia.
686 766 693 780 .
711 765 719 780 .
731 719 898 800 poteraut.
913 767 920 782 .
934 765 941 781 .
955 736 1080 782 manere
1097 737 1152 782 υθθ

141 809 241 870 moues
255 856 262 870 .
275 854 284 869 .
299 856 306 870 .
320 806 395 871 dare
416 804 759 888 concatenatarum
776 804 942 870 abuentes
955 806 1077 888 formas
1094 815 1150 869 etc.

142 930 185 939 —
199 893 265 960 436
275 916 319 977 sq.
341 913 492 960 secernere
513 892 639 972 cadere,
661 897 692 958 et
710 912 832 958 sarsum
854 889 1032 981 (secernere)
1055 913 1151 973 mare,

141 982 210 1047 aeti.
225 1032 232 1046 .
247 1031 254 1046 .
266 986 389 1066 pateret
407 984 503 1046 bum:
596 1001 683 1046 mare
703 981 817 1047 υέἐ...
834 983 984 1047 Lmbbtr.
1011 984 1152 1046 soloecis·

143 1091 225 1134 mum
248 1076 279 1135 iu
306 1091 426 1135 carmen
448 1073 619 1154 inferentes,
641 1074 693 1152 qui
715 1075 936 1134 excusationem
957 1072 1063 1135 babeat
1084 1073 1152 1135 nul-

143 1161 209 1223 lam.
228 1158 491 1241 -4bOsqq...
510 1157 694 1223 bidentat.
708 1178 830 1224 aurea
851 1157 1151 1224 ammedera..

143 1247 266 1312 ἐυυυέυυ
281 1245 356 1312 solas
368 1269 386 1307 s
399 1208 630 1328 exhalantque
646 1245 732 1311 ἐαθυε
747 1245 891 1312 nebulam
907 1246 1141 1330 fluviique...

143 1335 271 1417 ἐρευρυθ
300 1338 367 1398 et.
392 1332 510 1399 .tellus
544 1334 670 1415 fumare
703 1334 853 1401 adetum
884 1337 1029 1399 librorum
1062 1297 1153 1399 fidem

145 1433 265 1486 secutus
285 1441 360 1506 sum,
382 1426 442 1486 uisi
460 1423 538 1503 quod
557 1424 668 1503 aliquid
687 1413 791 1487 deesse
809 1425 949 1488 indicavi:
972 1444 1031 1506 qua
1047 1426 1153 1487 lacuna

144 1531 204 1575 nou
232 1512 433 1575 animadversa
455 1512 560 1573 Munro
582 1519 700 1592 poetam
722 1513 871 1575 dicentem
893 1514 965 1576 facit
986 1521 1042 1576 nos'
1064 1532 1152 1576 mane

145 1601 274 1685 aethera,
298 1603 350 1682 qui
368 1601 482 1663 seilicet
499 1600 594 1662 videri
610 1619 672 1662 non
688 1608 795 1683 petest,
818 1619 851 1663 se
868 1601 1021 1663 abentem
1037 1601 1152 1664 ridere:

144 1685 490 1754 mammatae
506 1687 616 1771 Lm.B.,
639 1689 716 1769 quod
739 1691 828 1751 nimis
850 1688 936 1770 longe
960 1710 976 1752 a
998 1689 1082 1752 libris
1105 1709 1153 1751 re·

146 1781 233 1841 cedit.
248 1812 291 1823 —
309 1776 375 1842 462
399 1787 428 1840 et
449 1775 515 1841 466
538 1775 762 1858 ἐυίθθυέναυρυθ
784 1776 897 1849 OQMr.
920 1779 957 1839 ci.
979 1779 1015 1839 ad
1037 1775 1153 1841 11518.

146 1864 265 1929 -475
275 1886 318 1947 sq.
333 1869 468 1929 θυένθυυυ
481 1865 525 1928 ad
536 1861 649 1929 ἐέυθέυυ
661 1867 709 1929 dte
721 1871 874 1945 dritten,
889 1871 987 1931 ..υέ..
999 1863 1154 1947 propulsa

145 1953 238 2016 coiret
248 1954 340 2014 Μι...
356 1952 567 2034 paetemOQ..
585 1957 721 2017 θυένθυθυ
737 1971 759 2016 a
776 1950 890 2016 ἐέυθέυέ
901 1957 1000 2034 parte
1012 1954 1153 2016 Lm.B-

145 2040 211 2105 493
233 2038 312 2104 εέυέἐ
331 2043 429 2106 haee
452 2035 584 2125 (OQ).
600 2041 697 2104 ,υθυέἐ
717 2042 781 2124 Mu,
804 2039 878 2106 haee
900 2040 1081 2116 δεικτικῶς.
1103 2039 1155 2105 tie

146 2133 214 2191 ie.
237 2130 351 2211 aether,
373 2135 407 2190 ut
429 2147 679 2208 supervacaneum
701 2132 741 2191 sit
761 2148 934 2215 pronomen,
956 2131 1018 2192 Lm.
1041 2131 1088 2193 Β..
1116 2151 1155 2192 au

148 2216 320 2279 adverbium
338 2235 404 2278 esse
427 2214 663 2279 voluerunt?·-
684 2215 859 2282 534-563
882 2226 949 2281 ante
972 2216 1037 2283 509
1060 2219 1155 2301 bum,

146 2307 314 2369 necessaria
331 2306 575 2387 transpositione,
597 2324 623 2367 v.
642 2325 707 2367 ann.
726 2305 844 2368 Lueret.
863 2304 950 2370 1874
965 2326 994 2387 p.
1014 2305 1087 2370 169.
1110 2341 1153 2351 -

147 2392 212 2458 503
230 2391 318 2458 υέυέἐ
333 2392 391 2465 OQ.
411 2393 476 2455 edd.
494 2391 589 2457 erevit
602 2393 644 2475 1..
663 2394 714 2455 sed
733 2412 759 2455 v.
777 2393 850 2457 466.
870 2427 913 2439 -—
931 2392 1062 2458 510...
1078 2393 1157 2476 qaid

147 2500 282 2563 ρυυθρυθ
300 2484 412 2563 quaeat
426 2498 483 2545 res.
506 2500 574 2544 nam
592 2483 664 2563 quid
683 2501 816 2562 quaeque
837 2490 946 2563 queant
963 2503 1017 2564 per
1035 2485 1155 2546 foedera

148 2579 269 2632 naturae
293 2577 372 2633 extat
394 2573 540 2632 sancitum
557 2571 571 2632 1
589 2568 654 2634 580
670 2589 713 2650 sq.
737 2567 782 2632 ‘es
804 2566 917 2632 kommt
939 2573 992 2633 auf
1010 2572 1063 2633 das
1087 2591 1154 2652 spe-

149 2660 268 2721 cifische
295 2665 453 2738 vermbgen
479 2656 543 2720 an':
572 2660 687 2739 quaeat
708 2675 770 2737 res,
802 2659 880 2740 qued
907 2660 987 2722 idem
1013 2667 1067 2744 est,
1094 2660 1154 2733 OQ.

148 2750 239 2810 aveat
253 2747 285 2809 L.
305 2748 337 2808 B.
359 2747 410 2809 alii
427 2747 484 2809 ulia
505 2765 566 2810 uon
582 2749 714 2829 meliora,
737 2766 811 2828 quae
829 2747 938 2830 rideas,
960 2750 988 2810 si
1005 2750 1081 2809 tanti
1099 2757 1155 2831 est,

149 2836 224 2917 apud
249 2836 382 2898 Pollium.
401 2869 443 2879 -—
462 2834 528 2898 514
552 2829 667 2922 (dedus)
687 2884 737 2897 ...
762 2833 873 2899 υυυυέἐ
893 2838 976 2899 certa
1064 2853 1156 2918 pare,

148 2927 184 2988 υέ
199 2921 287 2988 cette
303 2921 447 3002 membra,
464 2921 591 2988 eidem
603 2928 622 2986 i.
637 2943 661 2986 θ.
680 2924 813 2986 videmus
832 2943 896 2985 eam
913 2932 1024 2986 certam
1040 2935 1156 3005 purtem

149 3033 229 3076 esse:
247 3011 384 3076 membra
395 3011 544 3077 υυέθυθέυυ
557 3012 616 3085 OQ.
630 3012 705 3096 edd,
722 3011 774 3074 ubi
788 3011 909 3074 verbum
927 3011 1009 3074 trullo
1023 3014 1156 3094 pondere

150 3110 230 3163 esset
247 3102 402 3163 adiectum.
416 3134 458 3145 —
475 3098 539 3164 525
561 3099 609 3164 aas
631 3098 776 3184 adduae,
797 3118 876 3181 ρυυθ
892 3097 1030 3164 membra
1047 3099 1157 3182 ρυόθν-

149 3191 214 3266 υυέ,
232 3197 312 3252 reete
331 3189 390 3262 OQ.
408 3207 434 3250 ι.
449 3188 527 3252 522:
549 3189 652 3251 tollere
671 3207 779 3269 eorpus
796 3207 857 3251 nou
874 3197 981 3271 potest,
999 3191 1059 3251 uisi
1078 3191 1156 3271 quod

150 3296 204 3358 per
226 3287 322 3339 tatum
344 3278 481 3339 dissitum
504 3285 562 3338 est:
587 3275 688 3340 animi
708 3277 771 3339 Lm
794 3296 827 3339 re
850 3295 910 3339 non
931 3284 1096 3359 perspecta.
1120 3280 1157 3341 ef.

150 3366 190 3428 111
210 3365 273 3429 143
292 3385 355 3447 sqq.
374 3369 446 3427 item
464 3363 527 3429 528
547 3365 672 3430 animae
694 3366 786 3428 scribi
808 3368 947 3449 oportuit,
968 3384 1029 3428 non
1047 3365 1159 3447 αυέυθέ,

152 3456 230 3536 qued
253 3457 285 3516 in
307 3455 392 3516 libris
410 3463 464 3515 est.
500 3450 684 3519 509-533
702 3451 766 3516 Lm.
782 3462 852 3535 post
874 3452 1050 3519 534-563
1067 3459 1160 3537 positi

152 3543 409 3606 aBockemirllerc
428 3561 481 3605 suo
499 3542 565 3604 loeo
583 3545 673 3624 positi
692 3550 773 3625 suut,
796 3561 871 3623 quos
889 3541 984 3604 alieno
1003 3561 1074 3605 sane
1093 3545 1160 3608 locu
