2438 3998
593 225 607 279 1
651 208 653 215 “
808 269 813 276 .
1077 224 1100 290 0

100 376 152 425 300
170 371 230 429 rim
252 368 379 430 subitam
401 368 540 431 tolerare:
563 373 603 433 ita
625 390 730 451 magno
753 372 889 434 turbidus
911 368 1001 434 imbri

170 456 297 518 molibus
319 459 457 539 incurrit,
480 458 583 519 validis
605 473 673 521 cum
695 460 821 542 viribus,
843 462 950 541 amnis,

172 545 221 605 dat
244 547 342 606 sonitu
364 564 468 625 magno
492 553 619 626 stragem
641 547 788 627 volvitque
811 549 865 610 sub
889 547 977 610 undis

172 633 292 711 grandia
315 651 384 695 saxa
405 636 524 714 ruitque
547 637 587 695 ita
610 636 751 715 quidquid
773 636 912 699 ductibus
935 634 1038 698 obstat

101 729 159 780 290
173 724 216 782 sic
238 724 329 800 igitur
351 722 459 783 debent
481 725 562 783 renti
583 741 699 803 quoque
722 724 838 785 {lamina
861 725 946 806 ierri3
1061 737 1102 780 m

102 815 153 866 000
173 828 247 889 quae
269 809 361 871 veluti
382 810 510 873 validum
533 828 600 872 cum
622 811 731 873 flumen
753 811 938 891 procubuere

173 916 259 977 quam
282 897 355 959 libet
376 900 406 960 in
429 905 557 980 partem,
579 899 703 961 trudunt
724 914 773 960 res
796 904 863 961 ante
886 895 1034 980 ruuntque

172 986 330 1065 impetibus
353 986 478 1068 crebris,
500 986 649 1048 interdum
671 990 780 1049 vertice
802 995 881 1049 torto

172 1076 336 1154 corripiunt
357 1075 516 1154 rapideque
539 1079 649 1136 rotanti
670 1074 789 1138 turbine
810 1070 937 1155 portant.

101 1170 157 1222 295
172 1181 262 1242 quare
285 1165 373 1224 etiam
396 1169 483 1241 atqrre
506 1165 595 1224 etiam
617 1170 687 1224 sunt
707 1167 788 1225 venti
804 1166 934 1244 ‘corpora
952 1181 1047 1246 caeca,
1061 1177 1102 1218 2⁹⁵

101 1259 153 1308 000
173 1250 409 1330 qnandoquidem
431 1250 516 1311 factis
539 1258 569 1312 et
590 1251 722 1313 moribus
746 1252 860 1314 aemrlla
881 1254 995 1331 magnis

172 1338 305 1400 amnibus
328 1340 530 1420 inveniuntur,
552 1347 653 1418 aperto
676 1358 799 1420 corpore
822 1343 874 1420 qui
897 1344 973 1402 s'unt.

171 1436 234 1489 tum
257 1446 345 1507 porro
367 1429 463 1487 varios
485 1446 587 1488 rerum
609 1431 752 1490 sentimus
776 1429 894 1510 odores,

170 1535 226 1577 nec
248 1523 346 1576 tamen
369 1515 404 1576 ad
427 1517 508 1576 naris
531 1518 676 1577 venientis
699 1509 848 1578 cernimus
870 1534 1023 1596 umquam,

100 1611 157 1664 300
170 1623 225 1665 nec
248 1602 357 1665 calidos
380 1610 478 1665 aestus
501 1606 625 1685 tuimur,
646 1621 702 1665 nec
724 1605 834 1684 frigora
857 1607 975 1683 quimus
1062 1617 1103 1658 ³⁰0

101 1699 154 1750 296
171 1710 315 1772 usurpare
338 1691 444 1773 oculis,
466 1708 522 1753 nec
544 1710 630 1753 voces
653 1710 775 1754 cernere
799 1710 931 1774 suemus3

173 1799 246 1860 quae
268 1788 366 1842 tamen
390 1782 486 1840 omnia
510 1782 650 1859 corporea
672 1787 807 1842 constare
829 1786 982 1842 necessest

171 1877 288 1950 natura,
311 1871 448 1948 quoniam
471 1885 576 1929 seusus
599 1867 741 1948 inpellere
762 1876 900 1948 possunt:

172 1966 292 2038 tangere
319 1959 397 2018 enim
422 1964 453 2018 et
473 1959 567 2038 tangi,
593 1958 653 2017 nisi
676 1975 796 2038 corpus,
822 1955 902 2018 nulla
924 1962 1022 2036 potest
1044 1973 1101 2017 res

101 2054 156 2106 305
173 2046 300 2124 deniquo
322 2045 486 2124 ssuctilrago
509 2062 669 2124 suspensae
692 2046 723 2107 in
746 2044 832 2107 litore
854 2051 951 2106 vestes
1062 2057 1104 2098 003

102 2141 154 2192 300
172 2141 327 2215 uvescunt,
349 2134 469 2194 eaedem
492 2133 646 2212 dispansae
668 2136 700 2194 in
723 2132 785 2194 sole
808 2137 969 2195 serescu'nt.

173 2229 202 2283 at
225 2240 319 2301 neque
343 2239 401 2302 quo
423 2228 508 2302 pacto
531 2222 696 2301 persederit
717 2240 803 2283 umor
826 2223 911 2302 aquai

173 2313 309 2391 visumst,
330 2329 386 2371 nec
408 2326 527 2370 rursum
550 2328 607 2388 quo
630 2317 715 2390 pacto
738 2311 846 2389 fugerit
867 2315 957 2371 aestu.

173 2402 204 2460 in
226 2416 330 2478 parvas
352 2401 443 2478 igitur
464 2399 557 2477 partis
581 2397 761 2477 dispergitur
782 2416 882 2480 umor,

102 2495 157 2547 310
174 2505 246 2566 quas
269 2486 347 2547 oculi
368 2485 448 2547 nulla
470 2492 595 2565 possunt
616 2489 729 2547 ratione
752 2486 860 2547 ridere.
1062 2499 1105 2540 uo

103 2583 154 2634 303
174 2578 246 2655 quin
268 2577 357 2636 etiam
378 2573 479 2635 multis
502 2572 573 2635 solis
595 2573 787 2635 redeuntibus
810 2576 894 2635 anuis

174 2662 277 2725 anulus
299 2665 332 2723 in
354 2662 444 2742 digito
468 2661 570 2722 subter
591 2669 730 2723 tenuatur
751 2661 898 2743 babendo,

174 2752 294 2813 stilicidi
316 2768 402 2812 casus
424 2748 552 2829 lapidem
574 2756 668 2832 cavat,
690 2768 784 2812 uncus
807 2752 897 2811 aratri

174 2841 287 2901 ferreus
311 2837 424 2900 occulte
447 2838 593 2899 decrescit
614 2856 716 2899 vomer
736 2840 768 2899 in
791 2840 881 2918 arvis,

103 2935 157 2988 315
157 2935 320 3025 strataque
344 2929 402 2988 iam
424 2925 501 3005 volgi
522 2925 649 3005 pedibus
672 2926 778 2987 detrita
800 2926 914 2987 viarum
1063 2939 1105 2979 ⁸1⁶

104 3025 155 3074 310
174 3034 261 3078 saxea
283 3017 493 3095 conspicimus3
516 3020 579 3075 tum
601 3020 701 3093 portas
723 3019 844 3094 propter
866 3018 939 3074 aena

175 3108 258 3185 signa
279 3121 384 3165 manus
406 3103 524 3164 dextras
547 3102 706 3163 ostendunt
727 3101 881 3163 adtenuari

176 3209 263 3273 saepo
286 3191 462 3253 salutantum
484 3197 564 3251 tactu
585 3197 761 3270 praeterque
784 3196 941 3251 meantum.

174 3281 246 3342 haec
267 3283 358 3360 igitur
380 3281 487 3361 minui,
510 3296 577 3340 cum
600 3281 660 3340 sint
682 3279 802 3359 detrita,
824 3278 972 3339 videmus:

104 3376 159 3428 320
175 3368 227 3430 sed
250 3386 323 3448 quae
346 3386 469 3448 corpora
491 3366 634 3428 decedant
655 3369 686 3427 in
708 3373 842 3447 tempore
865 3384 996 3446 quoqne,
1065 3380 1107 3420 no
1197 3412 1199 3416 ,

105 3465 156 3516 310
174 3457 272 3518 invida
293 3456 453 3536 praeclusit
474 3451 498 3535 Τ
520 3458 649 3534 speciem
671 3461 776 3516 natura
798 3453 925 3515 videndi.

174 3551 323 3625 postremo
346 3560 546 3625 quaecumque
569 3544 633 3605 dics
655 3550 817 3622 naturaque
840 3541 929 3602 rebus
