2438 3998
155 173 200 238 34
642 171 668 226 Π

156 330 190 380 60
209 339 269 382 non
290 320 367 382 radii
390 319 461 381 solis
483 338 579 398 neque
602 318 700 380 lucida
723 319 781 381 tela
804 319 864 380 diei

209 410 381 490 discutiant,
404 407 456 469 sed
478 417 600 468 naturae
624 410 738 487 species
761 409 904 486 ratioque.

254 497 339 558 Nunc
361 514 427 578 age,
451 514 509 575 quo
532 503 613 556 motu
637 495 775 575 genitalia
797 498 931 557 materiai

210 603 334 665 corpora
356 603 405 646 res
427 587 523 644 varias
545 586 667 663 gignant
689 586 861 663 genitasque
883 583 1045 666 resolvant,

210 682 240 734 et
262 691 319 752 qua
341 675 371 732 vi
393 673 489 733 lacere
511 671 542 732 id
566 679 719 754 cogantur,
743 691 876 751 quaeque
900 675 939 732 sit
961 673 1027 733 ollis

156 769 190 820 65
209 761 323 822 reddita
346 759 494 821 mobilitas
517 778 654 840 magnum
677 779 731 840 per
754 762 841 820 inane
864 761 994 842 meandi,

210 849 377 928 expediant
399 855 433 910 tu
454 855 485 909 te
508 849 596 909 dictis
618 848 760 928 praebere
783 856 940 909 memento.

209 956 277 999 nam
300 944 381 998 certe
403 955 463 998 non
485 939 563 997 inter
585 955 618 997 se
642 939 747 1016 stipata
770 936 907 997 cohaeret

209 1028 361 1107 materies,
385 1027 524 1104 quoniam
546 1027 641 1086 minui
663 1043 728 1085 rem
750 1043 895 1104 quamque
917 1024 1065 1106 videmus,

210 1122 240 1174 et
263 1116 347 1193 qnasi
369 1113 528 1193 longinquo
552 1113 644 1173 lluere
668 1115 765 1174 omnia
788 1114 937 1173 cernimus
960 1132 1030 1175 aevo

157 1211 191 1261 το
210 1220 246 1262 ex
270 1201 422 1280 oculisque
445 1207 620 1262 vetustatem
644 1201 808 1262 subducere
831 1203 955 1282 nostris,

210 1307 277 1351 cnm
299 1296 398 1350 tamen
420 1289 577 1350 incolumis
599 1289 734 1349 videatur
757 1307 869 1350 summa
892 1307 1012 1350 manere

209 1385 367 1457 propterea
390 1380 471 1459 quia,
495 1395 569 1457 quae
592 1376 738 1438 decedunt
761 1395 884 1456 corpora
907 1378 1027 1460 cuique,

210 1466 289 1527 unde
311 1464 420 1533 abeunt
442 1468 591 1546 minuunt,
614 1483 672 1544 quo
695 1483 802 1526 venere
826 1467 961 1544 augmine
985 1464 1103 1526 donant

210 1553 260 1615 illa
283 1572 438 1620 senescere
461 1561 491 1614 at
512 1554 585 1615 baec
607 1560 709 1614 contra
731 1553 889 1614 florescere
912 1560 1033 1636 cogunt,

156 1652 190 1701 75
211 1661 267 1704 neo
289 1649 475 1704 remorantur
497 1641 548 1703 ibi.
585 1643 628 1702 sio
649 1660 750 1702 rerum
774 1659 888 1702 summa
909 1649 1033 1703 novatur

212 1749 342 1811 semper,
365 1737 395 1791 et
416 1733 494 1791 inter
517 1748 550 1790 se
573 1729 711 1790 mortales
734 1737 835 1791 mutua
857 1731 965 1791 vivunt.

212 1826 373 1898 augescunt
395 1818 469 1880 aliae
492 1826 608 1899 gentes,
631 1817 703 1878 aliae
725 1820 911 1898 minuuntur,

212 1910 302 1986 inque
325 1906 408 1967 brevi
431 1909 524 1986 spatio
548 1913 699 1967 mutantur
721 1906 815 1968 saecla
838 1909 1018 1967 animantum

212 2003 242 2055 et
264 1997 348 2073 qnasi
371 2013 507 2055 cursores
531 1997 600 2056 vitai
622 1994 755 2074 lampada
777 1994 904 2055 tradunt.

154 2092 189 2141 80
256 2081 289 2142 Si
311 2101 427 2142 cessare
449 2089 536 2161 putas
558 2100 659 2143 rerum
681 2082 841 2161 primordia
863 2100 951 2161 posse

212 2170 413 2248 cessandoque
435 2188 527 2230 novos
549 2189 651 2230 rernm
672 2173 849 2250 progignere
871 2177 982 2252 motus,

212 2261 294 2320 avius
316 2277 333 2319 a
354 2276 423 2319 vera
445 2257 532 2337 longe
554 2260 668 2319 ratione
690 2261 813 2337 vagaris.

211 2364 279 2408 nam
303 2349 440 2425 quoniam
463 2365 517 2426 per
539 2349 626 2407 inane
648 2354 802 2428 vagantur,
825 2354 930 2408 cuncta
952 2357 1104 2409 necessest

212 2442 262 2496 aut
284 2437 424 2513 gravitate
447 2453 500 2496 sua
522 2435 595 2495 ferri
616 2434 777 2514 primordia
799 2453 912 2516 rerum,

158 2532 192 2581 ao
212 2531 262 2584 aut
283 2525 345 2585 ictu
366 2523 442 2584 forte
465 2523 595 2583 alterins.
631 2541 699 2583 nam
721 2540 791 2585 cum
812 2525 869 2584 cita
893 2540 980 2603 saepe

212 2611 295 2672 obvia
318 2611 490 2693 conflixere,
513 2612 546 2671 fit
567 2618 601 2672 ut
624 2610 739 2672 diversa
761 2618 883 2691 repente

213 2700 370 2782 dissiliant3
393 2718 489 2778 neque
513 2702 591 2760 enim
614 2702 735 2781 mirum,
758 2699 916 2760 durissima
939 2718 1013 2778 quae
1037 2702 1096 2760 sint

211 2788 392 2867 ponderibus
416 2788 517 2848 solidis
541 2806 636 2867 neque
659 2790 817 2867 quicquam
835 2806 852 2849 a
868 2794 952 2866 tergo
970 2787 1037 2848 ibus
1057 2788 1162 2851 obstet.

212 2883 242 2936 et
265 2895 322 2954 quo
344 2878 449 2937 iactari
470 2878 564 2955 magis
587 2877 684 2936 omnia
707 2877 841 2936 materiai

158 2971 192 3021 90
212 2981 335 3042 corpora
356 2963 524 3045 pervideas,
547 2965 738 3025 reminiscere
760 2966 853 3025 totius
876 2966 968 3024 imum

212 3050 254 3112 nil
277 3070 343 3111 esse
365 3054 396 3111 in
420 3069 547 3133 summa,
569 3069 666 3130 neque
688 3051 797 3115 babere
819 3051 871 3113 ubi
894 3070 1017 3132 corpora
1038 3056 1134 3132 prima

211 3142 386 3220 consistant3
410 3143 548 3218 quoniam
572 3142 699 3218 spatium
722 3142 786 3201 sine
809 3142 868 3200 line
890 3140 1078 3224 modoquest,

211 3230 437 3306 inmensumque
460 3235 561 3307 patere
584 3230 615 3288 in
639 3235 758 3288 cunctas
781 3229 912 3308 undique
934 3232 1028 3309 partis

211 3315 346 3396 pluribus
369 3316 485 3377 ostendi
508 3323 538 3377 et
561 3323 642 3377 certa
662 3319 776 3377 ratione
798 3316 991 3396 probatumst.

159 3405 289 3484 eoquod
314 3407 452 3484 quoniam
475 3411 602 3485 constat,
624 3405 777 3487 nimirum,
800 3405 880 3466 nulla
903 3407 987 3484 quies
1010 3415 1056 3468 est

211 3494 327 3555 reddita
349 3493 523 3572 corporibus
546 3495 650 3571 primis
673 3495 836 3572 perinane
859 3494 1051 3574 profundum,
