2438 3998
568 206 582 260 Ι
1032 209 1074 274 15

144 371 212 413 nam
235 370 418 431 quacumque
440 358 523 414 vacat
545 355 685 435 spatium,
713 353 791 433 quod
815 357 1075 437 inanescamus,

145 459 252 520 corpus
275 459 309 501 ea
332 458 391 501 non
414 447 472 501 est:
496 460 553 520 qua
575 459 664 521 porro
688 429 917 521 cumque‘ffffe'l
939 462 972 505 se

145 547 265 610 corpus,
288 547 322 589 ea
344 547 468 590 vacuum
490 547 674 610 nequaquam
697 527 812 592 constat
828 532 927 618 ppaue

75 625 128 675 510
144 624 214 678 sunt
235 618 326 696 igitur
349 616 441 678 solida
464 636 497 678 ac
520 619 584 679 sine
599 619 689 715 inani
711 637 834 698 corpora
856 622 959 698 prima.
1034 632 1075 674 ⁶1⁰

74 713 126 762 505
144 712 297 784 praeterea
321 707 458 784 quoniam
480 706 588 784 genitis
610 703 642 766 in
664 705 754 768 rebus
776 709 905 789 inanest,

144 796 296 854 materiem
319 796 431 855 circum
453 792 576 855 solidam
599 801 733 855 constare
750 784 916 877 ne‘cffii'isn

143 900 199 943 nec
221 899 271 942 res
293 880 352 942 ulla
374 889 471 961 potest
493 900 562 942 vcra
584 885 698 943 ratione
720 882 840 963 probari

144 988 267 1049 corpore
291 971 378 1032 inane
401 988 453 1031 suo
477 969 573 1031 celare
596 978 683 1049 alque
705 972 785 1032 intus
807 971 929 1053 hahere,

75 1066 127 1116 515
144 1061 171 1119 si
192 1076 265 1138 non,
288 1041 374 1137 (Μ
389 1057 519 1139 cohibet,
543 1057 668 1119 solidum
691 1066 826 1120 constare
848 1059 1011 1139 relinquas:
1033 1072 1075 1115 uc

75 1153 126 1203 oro
145 1146 176 1207 id
199 1164 287 1225 porro
309 1145 352 1206 nil
374 1164 440 1207 esse
463 1153 561 1224 potest
581 1147 642 1207 nisi
663 1148 798 1208 materiai

146 1233 316 1315 concilium,
338 1233 416 1313 qnod
439 1235 526 1295 inane
549 1241 638 1312 queat
658 1253 759 1296 rerum
782 1235 939 1296 cohihere

145 1323 283 1383 materies
306 1324 409 1403 igitur,
432 1306 526 1383 {olido
550 1340 624 1401 quae
647 1340 771 1402 corpore
794 1329 919 1404 constat,
993 1387 995 1389 .

145 1429 211 1472 esse
234 1418 352 1471 aeterna
374 1417 484 1491 potest,
507 1428 573 1471 cum
597 1417 695 1471 cetera
717 1410 924 1472 dissoluantur.

75 1506 131 1559 520
144 1507 209 1560 tum
230 1516 319 1579 porro
342 1500 369 1558 si
390 1497 434 1559 nil
455 1504 534 1560 esset
557 1499 634 1578 quod
647 1501 743 1592 impp
765 1506 893 1580 vacaret,
1034 1513 1074 1555 cao

75 1595 126 1643 515
143 1606 230 1650 omne
253 1587 331 1647 foret
353 1585 491 1647 solidum:
514 1587 697 1648 nisi'contra
720 1604 843 1667 corpora
865 1593 946 1648 certa

137 1649 257 1755 Μ,
281 1693 355 1754 quae
378 1673 441 1736 loca
464 1673 644 1754 complerent
667 1693 868 1755 quaecumque
890 1682 1038 1756 tenerent,

145 1781 231 1824 omne
254 1762 332 1842 quod
355 1769 401 1824 est
423 1765 562 1844 spatium,
584 1782 707 1824 vacnum
730 1770 879 1825 constaret
899 1765 995 1824 inane.
1095 1803 1098 1807 -

146 1850 265 1912 alternis
288 1853 391 1932 igitur,
413 1853 566 1931 nimirum,
589 1869 696 1930 corpus
718 1853 800 1912 inani
895 1846 985 1880 ”⁸

566 1958 584 1997 ss
713 1941 793 1973 ³*-

75 2029 356 2108 525.distinctumst,
379 2028 517 2108 quoniam
538 2046 594 2089 nec
616 2027 736 2107 plenum
757 2030 870 2089 naviter
893 2035 972 2089 extat
1033 2041 1074 2082 555

75 2125 127 2177 520
145 2135 200 2178 nec
222 2134 311 2195 porro
333 2133 469 2177 vacuum:
493 2122 563 2176 sunt
584 2133 654 2195 ergo
677 2135 800 2197 corpora
823 2123 915 2198 certa,

146 2222 219 2284 quae
243 2205 370 2283 spatium
391 2203 479 2284 pleno
500 2206 617 2283 possint
638 2205 819 2285 distinguere
841 2207 935 2266 inane.

144 2293 216 2356 haec
237 2310 334 2372 neque
357 2291 481 2353 dissolui
501 2290 595 2371 plagis
618 2295 800 2354 extrinsecus
823 2295 880 2354 icta

144 2387 269 2461 possunt
290 2399 345 2442 uec
367 2399 456 2460 porro
478 2383 597 2460 penitus
619 2387 770 2460 penetrata
792 2383 887 2442 retexi

73 2480 128 2532 530
144 2488 198 2531 555
221 2471 334 2530 ratione
357 2475 469 2548 queunt
491 2469 547 2530 alia
568 2475 708 2547 temptata
729 2466 836 2529 labare.
1032 2481 1073 2523 ceo

74 2566 125 2617 555
144 2577 212 2619 nam
234 2576 329 2637 neque
353 2557 461 2618 conlidi
484 2559 548 2619 sine
570 2559 651 2617 inani
672 2574 760 2636 posse
782 2556 898 2617 videtur
1032 2571 1072 2612 aas

144 2649 301 2726 quicquam
322 2664 377 2707 nec
400 2624 666 2725 55531555Ἧί
688 2647 719 2705 in
740 2644 810 2704 bina
833 2643 957 2705 secando

143 2754 199 2796 nec
222 2752 327 2814 capere
349 2752 483 2795 umorem
504 2752 600 2813 neque
622 2735 694 2793 item
716 2719 860 2793 mffialrile
883 2732 975 2811 frigus

74 2830 127 2882 535
142 2842 198 2885 nec
219 2821 399 2902 penetralem
422 2824 533 2904 iguem,
556 2820 664 2900 quibus
687 2823 784 2881 omnia
806 2820 1012 2900 coniiciuntur3
1032 2832 1073 2874 occ

144 2919 173 2972 et
196 2930 253 2991 quo
277 2929 410 2990 quaeque
432 2913 525 2989 magis
548 2909 665 2971 cohibet
686 2897 839 2970 r'es'mtns
861 2911 962 2988 inane,

73 3008 125 3058 530
143 3007 202 3060 tam
224 3001 318 3078 magis
340 2999 387 3059 his
409 2998 498 3059 rebus
520 3000 638 3077 penitus
661 3003 802 3076 temptata
824 2969 953 3057 inoffi.

141 3082 151 3171 ll
163 3087 194 3148 id
218 3087 296 3167 quod
318 3089 377 3147 iam
396 3105 502 3165 supera
519 3085 574 3146 tibi
592 3085 678 3165 paulo
697 3085 879 3146 ostendimus
898 3081 1002 3166 autel!
1031 3096 1071 3138 ⁶³1

142 3194 212 3255 ergo
236 3178 262 3236 si
284 3174 376 3237 solida
394 3193 428 3235 ac
451 3177 514 3235 sine
537 3176 619 3235 inani
640 3191 764 3254 corpora
786 3175 881 3254 prima

142 3271 211 3326 snut
233 3266 273 3325 lta
295 3266 340 3324 uti
362 3262 461 3343 docui,
484 3247 637 3324 sintffiae‘c
660 3269 779 3324 aeterua
801 3268 960 3323 necessest.

71 3361 125 3412 540
184 3352 339 3413 Praeterea
361 3353 420 3411 nisi
442 3352 580 3412 materies
603 3358 723 3412 aeterna
743 3351 860 3431 fuisset,
1032 3363 1072 3404 ⁶4⁰

70 3448 121 3499 535
140 3441 263 3502 antehac
285 3439 322 3501 ad
344 3438 437 3501 nilum
458 3441 576 3520 penitus
599 3457 649 3500 res
672 3456 805 3519 quaeque
828 3439 988 3520 redissent,

140 3531 177 3591 dc
199 3528 318 3608 niloque
341 3535 441 3589 renata
464 3528 560 3588 forent
584 3545 784 3608 quaecumque
808 3527 949 3589 videmus.

971 3708 976 3719 “
1067 3704 1072 3749 Ι
