2438 3998
458 231 743 290 PROLEGOMENA.
971 229 1111 287 txxuut

92 391 125 442 ut
143 381 202 441 diei
220 384 324 461 possit
362 400 430 443 oum
449 400 557 462 eorpus
577 383 667 465 inani,
685 384 772 443 inane
791 400 916 464 corpore
935 384 1108 445 distinctum

93 472 131 530 sit
153 470 306 549 multoque
325 469 392 549 plus
411 473 500 550 spatii
519 482 644 550 occupet
662 490 729 533 eum
748 475 877 555 omnino,
898 479 962 533 tum
980 474 1107 532 maxime

92 560 123 617 in
147 577 215 618 aare
239 565 269 619 et
291 558 423 640 aethere,
447 557 483 618 de
507 558 615 638 quibus
638 559 687 620 hie
710 562 816 642 agitur,
839 563 926 622 inane
951 559 1029 639 quod
1052 568 1107 640 est,

91 664 151 706 non
183 647 283 727 video,
315 664 369 707 eur
401 646 533 708 seribere
566 666 625 708 nou
657 651 788 727 potuerit
814 648 970 709 Lueretius
997 665 1108 710 rarum

91 751 213 812 corpore
234 752 354 796 nexum
375 767 417 778 —
437 730 503 796 964
527 732 649 815 affluat
667 729 823 820 (oleaster)
843 733 1000 798 ambrosio
1016 735 1109 816 quasi

91 838 180 898 vere,
202 824 233 884 et
252 825 372 885 nectere
397 819 513 884 tortellus
536 826 554 885 i.
574 843 599 885 e.
624 827 676 903 qui
698 831 852 903 praeterea
876 828 963 885 etiam
986 833 1107 886 nectare

92 913 202 971 tinctus
226 929 292 972 esse
315 911 464 972 videatur:
491 909 604 991 offlam
626 906 730 995 (elluat
748 905 796 996 Q.)
823 909 995 975 ambrosiae
1016 910 1109 992 quasi

91 1016 160 1061 vero
179 997 237 1070 00.
262 1001 426 1062 miseriore
448 997 561 1062 tinctus
579 1000 612 1071 0.
631 1001 662 1062 et
676 1002 781 1063 nector
798 1002 828 1062 et
843 998 928 1070 intas
946 1000 980 1072 0.
998 999 1110 1080 effluat

92 1083 264 1149 ambrosiae
295 1085 386 1166 quasa
415 1104 484 1149 aere
515 1090 545 1150 et
573 1086 701 1150 nestori
735 1084 847 1150 teneare
878 1089 940 1149 Lm.
972 1088 1018 1169 u,
1054 1088 1106 1149 sed

93 1175 239 1254 quomodo
267 1171 379 1237 loeutus
401 1176 524 1236 eilluere
551 1179 659 1257 possit,
687 1194 746 1237 non
773 1180 863 1256 capio.
910 1173 1022 1255 effluat
1041 1193 1108 1237 aare·

92 1260 213 1325 bromus
245 1258 385 1347 (latinum
416 1281 477 1324 nou
509 1282 575 1324 esse
606 1258 693 1349 puto)
727 1263 819 1343 quasi
849 1282 919 1327 vero
953 1299 995 1307 -
1028 1264 1107 1344 quod

92 1369 195 1412 verum
227 1370 292 1412 esse
325 1351 537 1413 demonstravit
564 1385 607 1395 —
634 1354 664 1414 et
692 1355 812 1416 nectare
842 1351 955 1415 tinctus
981 1352 1035 1413 Mr.
1063 1385 1106 1395 -

94 1437 179 1501 1003
198 1437 280 1519 qaod
300 1437 431 1502 duriter
453 1457 491 1502 ex
508 1435 673 1502 elementor:
697 1439 810 1503 duitor
828 1440 885 1513 00.
907 1458 966 1520 quo
985 1439 1108 1503 ducitur

168 1527 230 1589 Lm.
254 1526 376 1590 docitur
399 1527 450 1606 [aa
472 1524 637 1606 elementis]
657 1528 688 1589 B.
712 1562 754 1571 —
778 1527 859 1607 qood
880 1527 954 1604 dieo
978 1526 1047 1590 alios
1070 1545 1108 1590 ex

93 1613 246 1679 elementis
256 1615 309 1676 Mr.
337 1635 375 1677 ex
388 1616 573 1696 singulorum
587 1615 838 1698 corpusculum,
852 1620 968 1696 quaein
981 1634 1107 1678 saeuum

93 1705 229 1783 prolapsa
248 1704 393 1785 feruntur,
410 1711 493 1765 motu
512 1711 542 1765 et
559 1707 627 1765 nisu
645 1706 687 1784 tit,
705 1712 739 1765 ut
756 1704 867 1765 ferrum
883 1706 968 1782 quasi
982 1704 1107 1765 ducatur

94 1793 129 1852 ad
152 1798 327 1871 magnetem.
346 1825 389 1835 -
410 1789 495 1854 1013
515 1811 557 1871 sq.
577 1789 692 1854 aceedit
709 1793 809 1855 item
827 1839 834 1852 .
849 1839 878 1852 ..
900 1789 975 1854 tneo
992 1808 1108 1872 quoque

93 1897 142 1942 res
168 1878 356 1956 adiumento,
383 1883 544 1959 motumque
568 1878 707 1942 iuvatur:
736 1881 878 1959 motaque
898 1879 1026 1942 novetur
1048 1879 1107 1952 00.

92 1966 140 2030 ott
154 2017 160 2028 .
176 2018 183 2028 .
199 2016 205 2029 .
223 1970 364 2047 motoque
381 1967 502 2031 tuaene
518 1968 581 2029 Lm.
597 1968 629 2028 B.
644 2002 686 2010 -
703 1965 790 2030 1050
809 1988 851 2048 sq.
869 1970 906 2030 ut
921 1970 1022 2030 oasim
1036 1985 1108 2047 per-

93 2053 334 2120 retentatores
355 2056 434 2118 Lotz.
453 2056 553 2136 philol.
571 2056 621 2117 Vll
640 2053 712 2119 732.
749 2054 883 2119 intortus
901 2056 960 2129 00.
979 2056 1044 2118 edd.
1064 2090 1107 2100 -

97 2141 181 2206 1053
208 2141 450 2224 interutrosque,
482 2145 519 2206 ol.
551 2144 587 2206 ad
618 2145 645 2206 ll
672 2141 745 2207 510.
775 2179 817 2188 -
848 2141 932 2207 1055
964 2145 1108 2225 magnast

93 2229 229 2311 flumem
245 2233 330 2309 seat,
351 2232 494 2312 probante
514 2232 672 2294 Giussano:
695 2231 858 2312 magnesia
874 2230 1010 2312 flumina
1026 2249 1108 2295 suaa

94 2319 153 2393 00.
185 2318 345 2400 magnesio
374 2318 511 2400 flamina
540 2319 613 2383 sotei
638 2319 819 2382 Wakefieldo
847 2338 986 2382 assensus
1013 2319 1106 2382 Lach-

95 2427 229 2490 mannus,
244 2407 363 2490 oblitus,
377 2413 490 2490 opinor,
504 2404 642 2470 Lucretio
657 2408 878 2488 simplicissima
892 2426 1026 2488 quaeque
1036 2425 1106 2470 oon-

95 2496 205 2575 venire‚
224 2501 256 2555 ut
273 2497 338 2575 ipse
357 2495 436 2556 dicit.
454 2530 498 2542 —
519 2492 603 2558 1058
622 2491 743 2578 (simul
759 2497 880 2559 uniter
897 2497 972 2576 apta
987 2496 1106 2559 Lueian.

94 2580 207 2641 Miller.
222 2581 258 2642 de
273 2601 305 2643 re
319 2590 403 2644 metr.
417 2603 446 2663 p.
458 2580 534 2645 197:
552 2583 633 2646 later
645 2600 678 2646 se
690 2581 889 2663 simulanter
901 2586 977 2662 agito
988 2580 1062 2669 00.)
1076 2603 1108 2647 se

93 2666 273 2747 singlariter
290 2670 367 2732 Flor.
382 2667 433 2732 31.
453 2672 488 2732 of.
505 2690 569 2751 app.
587 2670 669 2734 irater
685 2669 889 2752 smgaltnmter
905 2671 1000 2732 Lm.B.
1019 2691 1107 2733 versu

96 2754 295 2818 immodulato.
322 2788 365 2798 -
396 2751 482 2816 1063
513 2752 620 2815 moui:
653 2753 736 2815 nolui
768 2751 864 2833 agaim
895 2752 1036 2814 seribere.
1065 2785 1108 2795 —

98 2841 182 2906 1097
198 2841 274 2923 quid
286 2837 472 2905 Remeato
488 2838 605 2904 mom
622 2839 749 2921 differre
766 2840 860 2902 Lm.B.
879 2843 899 2902 i.
913 2860 939 2902 e.
957 2840 1108 2902 Britannis

96 2950 162 2993 esso
177 2933 291 2993 eaelum
305 2931 388 2992 valde
403 2930 543 2991 differens
556 2930 592 2991 ah
607 2948 653 3011 eo,
667 2930 747 3008 quod
762 2977 768 2990 .
784 2949 804 2990 .:
827 2925 981 2990 Britanni
994 2936 1049 2990 etc.
1065 2961 1108 2971 —-

98 3018 184 3083 1123
212 3016 395 3102 teotgario
421 3013 596 3080 tammus
618 3018 719 3078 Bruno
741 3017 761 3079 l.
785 3036 810 3079 e.
837 3015 904 3078 tom
919 3014 1025 3096 pigrae
1047 3015 1107 3088 00.

96 3108 160 3170 edd.
182 3142 225 3153 -
246 3106 331 3170 1126
359 3123 403 3170 ort
429 3102 546 3168 melon
567 3102 655 3168 nobis
676 3106 854 3185 menmium
875 3101 956 3168 ultro
977 3105 1108 3167 aeluro:

95 3194 174 3260 uitro
186 3197 304 3258 aaaron
321 3196 511 3274 maromontem
524 3194 583 3267 00.
598 3241 625 3256 ..
644 3194 849 3257 eoorttomLm.
864 3189 1002 3256 oleatum
1013 3193 1108 3254 Bentl.

95 3285 126 3346 B.
137 3319 180 3329 -
191 3284 396 3346 Lachmannus
405 3283 552 3344 Isidorum
562 3276 614 3367 (de
628 3301 687 3344 rer.
702 3289 760 3344 nat
775 3301 800 3344 e.
809 3276 868 3366 39)
882 3282 978 3343 rideri
993 3281 1107 3343 eaelum

96 3381 269 3452 corruptum
283 3371 391 3452 legisse
405 3371 549 3432 coneedit.
577 3370 715 3432 videntur
728 3389 798 3432 vero
812 3369 967 3431 barbariae
982 3371 1107 3430 orientis

94 3460 279 3541 temporibus
297 3463 330 3521 in
347 3477 436 3522 versu
453 3458 681 3539 holospondiaeo
700 3458 870 3538 offendisse,
889 3460 999 3537 quippe
1018 3475 1108 3535 quem

95 3552 216 3611 omuino
235 3552 407 3628 ignorarent
424 3579 467 3591 —
486 3548 523 3609 ef.
545 3545 657 3609 Lllliill.
681 3546 717 3608 de
739 3565 773 3607 re
791 3552 877 3606 metr.
903 3543 965 3606 149
985 3577 1027 3588 -
1047 3562 1108 3605 non

94 3638 255 3700 offendisse
281 3639 313 3697 iu
340 3635 412 3697 falsa
438 3634 615 3715 syllabarum
639 3635 802 3714 quantitate
825 3634 925 3712 itaque
948 3631 1115 3693 verborum
