2438 3998
616 202 642 255 11

112 385 116 389 -
195 344 247 407 sed
270 349 363 426 magis
386 347 509 408 adsiduo
531 351 670 428 varioque
694 351 822 410 exercita
845 357 928 411 motu

193 437 301 514 partim
324 435 485 497 intervallis
508 439 623 514 magnis
646 437 774 498 confulta
797 438 954 520 resultant,

193 542 263 602 pars
286 525 375 585 etiam
396 522 536 585 brevibus
560 527 662 604 spatiis
684 533 827 586 vexantur
849 525 885 586 ah
908 529 978 588 ictu.

124 617 175 668 100
195 618 225 672 00
248 630 450 691 quaecumque
472 614 566 691 magis
589 612 737 674 condenso
761 614 919 676 conciliatu

196 702 310 779 exiguis
333 699 494 761 intervallis
517 709 656 762 convecta
678 701 834 782 resultant,

194 789 365 869 indupedita
389 791 451 850 suis
473 789 623 868 perplexis
645 791 709 869 ipsa
731 791 849 872 liguris,

195 877 267 938 haec
289 877 400 937 validas
423 879 487 937 saxi
508 876 623 938 radices
647 885 677 938 00
699 878 761 938 lera
783 879 856 939 lerri

195 983 319 1044 corpora
342 967 525 1026 constituunt
547 972 577 1025 00
599 972 698 1025 cetera
719 963 756 1028 de
778 985 886 1044 genere
908 968 1014 1028 horum

125 1062 176 1112 105
195 1053 326 1132 paucula.
364 1072 439 1132 quae
461 1071 550 1132 porro
573 1071 711 1131 magnum
734 1073 788 1133 per
807 1057 897 1115 inane
920 1063 1060 1134 vagantur

618 1160 637 1198 *

195 1237 293 1290 cetera
316 1229 466 1290 dissiliunt
487 1228 573 1308 longe
596 1228 741 1308 longeque
763 1238 919 1292 recursant

195 1319 226 1378 in
248 1320 362 1396 magnis
384 1316 560 1377 intervallis:
582 1317 656 1378 haec
678 1323 746 1378 aera
768 1337 869 1379 rarum

195 1407 347 1467 sufficiunt
368 1405 455 1465 nobis
478 1412 509 1466 et
531 1404 683 1484 splendida
706 1406 818 1466 lumina
840 1407 919 1468 solis.

194 1494 343 1572 multaque
366 1499 520 1571 praeterea
543 1511 681 1572 magnum
703 1512 758 1573 per
780 1497 868 1556 inane
890 1503 1043 1578 vagantur,

124 1589 176 1639 110
195 1582 328 1643 conciliis
351 1599 452 1642 rerum
474 1599 549 1661 quae
573 1588 642 1642 sunt
664 1584 773 1642 reiecta
795 1601 851 1643 nec
873 1602 996 1663 usquam

195 1673 364 1731 consociare
387 1672 475 1730 etiam
498 1677 596 1730 motus
618 1677 742 1749 potuere
765 1677 891 1750 recepta.

195 1761 292 1841 cuius,
315 1761 360 1820 uti
382 1776 527 1839 memoro,
549 1760 594 1819 rei
617 1757 807 1819 simulacrum
830 1765 860 1818 00
882 1761 978 1838 imago

194 1853 261 1907 ante
285 1846 386 1907 oculos
409 1864 527 1925 semper
548 1845 635 1906 nobis
657 1853 793 1907 versatur
814 1853 844 1907 00
865 1848 964 1907 instat.

195 1934 408 2014 contemplator
430 1937 523 2015 enim,
546 1952 614 1995 cum
636 1935 708 1994 solis
730 1932 841 1995 lumina
863 1953 988 2014 cumque

69 2062 72 2068 -
124 2032 174 2080 115
194 2026 300 2084 inserti
321 2022 449 2083 fundunt
470 2023 546 2083 radii
563 2041 619 2102 per
641 2041 730 2101 opaca
753 2023 919 2083 domorum:

194 2111 285 2173 multa
307 2113 419 2171 minuta
441 2111 536 2171 modis
559 2110 660 2171 multis
683 2129 737 2190 per
758 2113 845 2172 inane
866 2111 980 2172 ridebis

194 2217 318 2279 corpora
340 2201 470 2280 misceri,
491 2200 641 2260 radiorum
664 2198 775 2260 lumine
797 2201 930 2281 inipso,

194 2297 224 2349 et
246 2287 326 2349 velut
348 2294 468 2348 aeterno
492 2289 652 2348 certamine
674 2287 787 2367 proelia
808 2306 935 2367 pugnas·

194 2377 282 2437 edere
304 2377 456 2437 turmatim
478 2378 620 2436 certantia
643 2393 698 2436 nee
721 2375 790 2436 dare
813 2394 947 2457 pausam,

123 2473 175 2521 120
194 2464 327 2525 conciliis
351 2468 380 2525 et
403 2463 536 2524 discidiis
559 2465 690 2524 exercita
712 2463 838 2545 crebris3

194 2554 330 2615 conicere
353 2560 387 2613 ut
407 2554 505 2631 possis
528 2569 564 2612 ex
586 2551 656 2632 hoc,
679 2552 840 2630 primordia
862 2569 963 2612 rerum

193 2642 278 2720 quale
302 2643 395 2701 sitin
416 2658 522 2719 magno
545 2641 649 2700 iactari
671 2657 789 2719 semper
810 2641 899 2700 inani.

194 2730 357 2811 dumtaxat,
379 2747 480 2789 rerum
502 2745 673 2806 magnarum
695 2745 784 2806 parra
805 2735 904 2807 potest
925 2745 974 2789 res

194 2817 360 2895 exemplare
383 2817 453 2877 dare
476 2824 507 2877 et
527 2817 651 2894 vestigia
673 2817 796 2877 notitiai

124 2906 249 2967 1201100
272 2908 360 2967 etiam
383 2907 476 2984 magis
497 2904 570 2964 haec
593 2905 723 2964 animum
746 2912 776 2964 te
799 2903 951 2964 advertere
971 2923 1028 2983 par
1050 2914 1095 2965 000

194 3013 317 3075 corpora
340 3011 414 3072 quae
437 2995 469 3053 in
491 2991 563 3052 solis
585 2992 677 3052 radiis
699 2991 818 3052 turbare
840 2993 989 3072 videntur,

94 3084 96 3088 ’
194 3082 272 3162 quod
294 3079 368 3142 tales
390 3080 494 3142 turbae
516 3087 614 3140 motus
638 3098 754 3158 quoque
777 3083 912 3141 materiai

193 3171 360 3250 significant
382 3169 579 3230 clandestinos
602 3185 762 3246 caecosque
785 3168 916 3229 subesse.

192 3259 284 3319 multa
305 3257 419 3318 videbis
442 3259 522 3318 enim
543 3256 637 3336 plagis
659 3255 703 3316 ihi
724 3259 837 3335 percita
859 3259 955 3317 caecis

123 3356 174 3405 100
193 3353 373 3407 commutare
395 3348 471 3406 riam
494 3352 635 3422 retroque
657 3344 775 3424 repulsa
797 3347 919 3427 reverti,

192 3453 271 3496 nune
292 3433 352 3495 huc
374 3452 453 3494 nunc
476 3433 558 3514 illuc,
581 3434 612 3493 in
635 3439 756 3493 cunctas
778 3433 909 3513 undique
932 3436 1025 3512 partis
1107 3472 1110 3477 -

192 3521 318 3606 scilicet,
340 3524 389 3583 hio
411 3541 428 3583 a
450 3523 605 3602 principiis
629 3527 675 3581 est
697 3521 834 3582 omnibus
857 3539 949 3582 error.

877 3619 913 3674 3⁸
