2438 3998
155 255 197 320 38
640 253 667 307 11

222 408 439 480 nocturnasque
462 402 541 462 laces
564 399 638 462 caeli
661 400 786 462 sublime
809 399 934 461 volantis

222 507 320 550 nonne
342 489 424 550 rides
449 489 550 568 longos
573 489 755 550 flammarum
780 488 889 549 ducere
912 494 1023 548 tractus

222 580 254 637 in
277 595 476 657 quascumque
499 576 581 637 dedit
603 579 696 658 partis
719 584 822 639 natura
849 572 1000 637 meatum?

222 684 282 726 non
305 665 409 726 cadere
432 668 463 727 in
486 673 597 727 terram
621 665 720 726 stellas
743 672 774 726 et
796 664 895 725 sidera
918 660 1039 725 cernis?

153 762 205 810 210
224 753 268 814 sol
291 756 380 815 etiam
401 750 479 816 coeli
500 754 537 814 de
559 755 670 815 vertice
693 752 817 833 dissipat
840 755 937 812 omnis

224 841 360 905 ardorem
383 844 415 902 iu
436 844 529 922 partis
552 850 583 902 et
605 841 716 905 lumine
739 843 870 902 conserit
892 858 973 901 arva:

224 933 255 990 in
276 937 372 993 terras
395 933 488 1009 igitur
509 948 626 1009 quoque
649 929 720 990 solis
742 931 875 1008 vergitur
896 929 992 989 ardor.

223 1025 465 1098 transversosque
489 1017 587 1079 volare
609 1037 663 1098 per
685 1017 791 1079 imbris
813 1017 936 1078 fulmina
959 1017 1070 1095 cernis,

209 1125 302 1170 ,nuno
323 1106 394 1168 hino
417 1125 495 1168 nuno
517 1106 599 1190 illine
622 1105 738 1187 abrupti
764 1104 894 1167 nubibus
916 1109 1000 1184 ignes

154 1201 205 1251 215
225 1201 414 1256 concursant:
437 1195 515 1256 cadit
537 1196 568 1254 in
590 1201 685 1255 terras
708 1196 753 1255 vis
775 1194 911 1254 flammea
932 1192 1025 1271 volgo.

268 1282 343 1343 lllud
366 1285 397 1343 in
418 1281 466 1343 his
489 1300 606 1362 quoque
628 1289 659 1342 te
681 1282 771 1343 rebus
795 1299 973 1361 cognoscere
997 1299 1130 1361 avemus,

224 1389 348 1450 corpora
371 1388 438 1432 cum
461 1370 600 1431 deorsum
622 1377 738 1431 rectum
760 1388 814 1449 per
836 1372 924 1430 inane
946 1369 1084 1430 feruntur

224 1458 407 1538 ponderibus
428 1460 571 1540 propriis,
593 1460 707 1519 incerto
730 1465 863 1538 tempore
886 1459 979 1519 ferme

224 1549 405 1627 incertisque
428 1546 501 1609 locis
523 1549 619 1626 spatio
642 1546 790 1626 depellere
814 1545 947 1627 paulum,

155 1643 206 1693 220
225 1643 339 1698 tantum
361 1635 440 1716 quod
454 1653 572 1697 momen
592 1641 737 1697 mutatum
760 1635 860 1696 dicere
882 1636 988 1714 possis.

156 1768 160 1775 ·
226 1725 385 1805 quodnisi
408 1724 556 1786 declinare
578 1724 721 1805 solerent,
744 1726 842 1784 omnia
864 1723 1004 1784 deorsum

226 1813 330 1873 imbris
353 1815 397 1873 uti
419 1820 518 1892 guttae
541 1812 681 1874 caderent
702 1830 757 1893 per
777 1814 864 1873 inane
886 1810 1065 1892 profundum

226 1919 281 1960 nee
303 1901 379 1961 foret
402 1902 532 1962 offensus
554 1908 640 1962 natus
662 1919 718 1961 nee
740 1899 823 1980 plaga
846 1902 944 1962 creata

225 1990 393 2067 principiis:
416 1991 458 2049 ita
481 1988 523 2049 nil
545 2006 684 2067 umquam
706 1996 810 2049 natura
833 1994 971 2049 creasset.

156 2082 208 2132 nno
279 2074 363 2146 Quod
387 2077 413 2135 si
435 2076 510 2136 forte
534 2076 641 2156 aliquis
663 2076 759 2137 credit
780 2078 914 2155 graviora
935 2082 1054 2155 potesse

226 2181 363 2243 corpora,
386 2181 445 2242 quo
468 2165 556 2224 citius
579 2171 693 2225 rectum
715 2183 770 2244 per
792 2167 879 2224 inane
903 2165 1048 2245 ferantur,

163 2281 166 2287 v
226 2251 357 2313 incidere
380 2270 416 2313 ex
440 2269 548 2331 supero
570 2250 731 2314 levioribus
753 2259 840 2332 atque
864 2255 905 2313 ita
927 2251 1027 2332 plagas

227 2342 360 2422 gignere,
383 2359 457 2419 quae
479 2342 595 2420 possint
617 2340 753 2420 genitalis
775 2340 901 2402 reddero
923 2347 1033 2420 motus,

227 2431 308 2489 avius
331 2447 348 2489 a
371 2446 439 2489 vera
460 2427 546 2507 longe
569 2431 683 2490 ratione
704 2430 826 2491 recedit.

157 2523 208 2579 230
227 2535 294 2578 nam
316 2535 372 2597 per
393 2534 484 2595 aquas
506 2535 707 2596 quaecumque
727 2517 835 2577 cadunt
853 2524 940 2596 atque
963 2521 1160 2597 ceramum,

226 2606 300 2666 baec
321 2624 375 2684 pro
398 2604 579 2684 ponderibus
602 2624 688 2667 casus
711 2604 840 2666 celerare
863 2612 1015 2666 necessest

226 2701 383 2773 propterea
405 2696 474 2773 quia
497 2712 605 2773 corpus
627 2712 719 2773 aquae
742 2700 904 2773 naturaque
926 2695 1022 2754 tenvis

227 2784 306 2843 aeris
327 2781 398 2843 baut
419 2790 545 2861 possunt
566 2800 659 2860 aeque
682 2801 746 2842 rern
769 2800 916 2861 quamque
938 2783 1062 2862 morari,

228 2869 280 2930 sed
302 2872 390 2931 citius
413 2870 522 2932 cedunt
543 2869 727 2950 gravioribus
751 2877 938 2949 exsuperata:

157 2965 208 3014 235
228 2964 257 3017 at
279 2965 380 3018 contra
402 2958 476 3019 nulli
498 2958 535 3020 de
558 2957 638 3020 nulla
663 2965 747 3038 parte
769 2975 865 3036 neque
888 2957 949 3019 ullo

226 3052 360 3125 tempore
382 3047 469 3107 inane
492 3054 587 3125 potest
613 3064 737 3108 vacuum
760 3046 923 3108 subsistere
946 3048 1003 3128 roi,

228 3136 313 3214 quin,
337 3151 390 3193 sua
412 3133 490 3213 quod
513 3141 617 3195 natura
639 3137 727 3217 petit,
750 3135 912 3196 concedere
934 3142 1051 3216 pergat;

228 3223 328 3282 omnia
349 3228 529 3301 quapropter
551 3221 660 3283 debent
684 3242 738 3302 per
760 3226 847 3285 inane
870 3225 1004 3304 quietum

228 3327 321 3389 aeque
343 3309 524 3388 ponderibus
547 3327 606 3370 non
629 3314 731 3389 aequis
753 3314 868 3373 concita
890 3313 971 3373 ferri.

158 3407 209 3458 240
227 3397 305 3459 baud
328 3399 419 3476 igitur
440 3403 580 3476 poterunt
602 3398 762 3460 levioribus
784 3400 915 3462 incidere
938 3419 1079 3480 umquam

228 3506 265 3549 ex
288 3504 396 3566 supero
419 3487 552 3566 graviora
574 3504 670 3566 neque
693 3490 770 3549 ictus
793 3490 913 3567 gignere
936 3507 990 3568 per
1011 3506 1057 3570 se,

229 3577 280 3655 qui
302 3577 416 3636 varient
437 3582 549 3658 motus,
571 3593 626 3655 per
650 3594 724 3657 quos
746 3582 851 3638 natura
873 3584 956 3656 gerat
979 3596 1037 3639 res.
