2438 3998
132 218 174 282 66
616 217 655 270 ΙΙΙ

132 381 166 430 55
186 372 216 425 at
238 372 341 425 eontra
364 381 509 442 nusquam
534 370 676 441 apparent
698 362 859 423 Acherusia
881 362 997 442 templa.

184 447 194 536 ll
207 471 263 513 nee
285 451 372 512 tellus
396 451 492 511 obstat
515 453 588 529 quin
610 452 708 511 omnia
731 451 938 530 dispiciantur,

186 539 240 600 sub
264 538 390 618 pedibus
413 556 615 616 quaecumque
639 538 716 598 inira
737 556 792 616 per
814 540 900 598 mane
924 546 1075 616 geruntur.
1093 537 1105 618 ΙΙ

184 628 232 688 bis
254 626 309 687 tibi
332 644 378 686 me
401 625 492 686 rebus
515 625 657 704 quaedam
681 624 779 685 divina
802 625 935 704 voluptas

184 717 312 794 percipit
334 722 421 792 atque
444 713 563 793 horror,
586 712 664 791 quod
688 715 732 774 sie
754 719 859 774 natura
881 720 931 773 tua
955 716 984 774 ri

133 819 166 868 oo
185 810 245 863 tam
268 802 423 862 manifesta
444 807 548 880 patens
572 818 608 860 ex
632 803 712 860 omni
733 808 817 879 parte
840 807 988 861 retectast.

230 889 268 949 Et
290 891 428 968 quoniam
451 888 550 968 docui,
574 896 747 949 cunctarum
769 887 888 948 exordia
911 906 1012 949 rerum

186 977 282 1056 qualia
305 979 366 1037 sint
388 984 417 1037 et
440 993 528 1054 quam
550 977 639 1036 variis
663 975 802 1036 distantia
824 976 928 1036 formis

187 1072 291 1144 sponte
315 1083 367 1125 sua
390 1062 512 1124 volitent
534 1070 656 1123 aeterno
678 1066 791 1142 percita
814 1070 909 1144 motu,

186 1171 279 1231 quove
302 1152 389 1212 modo
412 1153 527 1229 possint
549 1169 598 1210 res
620 1169 657 1211 ex
679 1151 726 1211 his
750 1169 883 1230 quaeque
910 1155 1017 1232 creari,

133 1255 167 1302 35
185 1240 273 1300 besee
297 1239 459 1300 seeundum
482 1255 530 1297 res
554 1239 644 1297 animi
667 1245 772 1298 natura
794 1238 911 1299 videtur

185 1334 272 1405 atque
295 1329 409 1386 animae
433 1325 568 1385 claranda
590 1328 664 1384 meis
688 1327 747 1385 iam
769 1324 904 1386 versibus
929 1344 1009 1405 esse,

186 1421 216 1475 et
238 1421 335 1474 metus
357 1413 406 1472 ille
430 1412 508 1472 ioras
530 1430 672 1491 praeceps
695 1412 872 1473 Acheruntis
896 1413 1040 1494 agendus,

185 1501 317 1562 funditus
339 1499 497 1560 humanam
520 1501 571 1578 qui
593 1502 683 1560 vitam
705 1500 806 1561 turbat
828 1500 864 1560 ab
887 1502 960 1581 imo,

185 1591 282 1649 omnia
306 1588 477 1649 suliundens
502 1589 605 1647 mortis
627 1589 760 1669 nigrore,
782 1606 879 1667 neque
901 1588 991 1648 ullam

132 1693 166 1741 40
185 1695 251 1738 esse
273 1676 453 1755 voluptatem
476 1675 618 1753 liquidam
640 1694 803 1754 puramque
829 1675 978 1754 relinquit.

185 1783 253 1825 nam
276 1765 352 1844 quod
373 1774 464 1842 'saepe
486 1763 621 1823 homines
643 1763 763 1823 morbos
785 1766 880 1842 magis
903 1782 969 1824 esse
990 1764 1139 1825 timendos

184 1853 381 1930 infamemque
404 1853 503 1911 lerunt
525 1853 615 1911 vitam
638 1869 726 1929 quam
748 1851 868 1911 Tartara
891 1851 956 1932 leti,

185 1946 215 1999 et
238 1958 270 1999 se
294 1943 371 1999 seire
394 1941 484 1999 animi
506 1945 641 1998 naturam
664 1941 818 2017 sanguinis
841 1957 920 2019 esse,

185 2033 235 2087 aut
257 2029 346 2086 etiam
368 2029 461 2102 venti,
485 2027 510 2086 si
533 2027 591 2087 lert
613 2028 653 2085 ita
676 2027 752 2086 forte
775 2025 922 2107 voluntas,

131 2129 166 2176 45
184 2131 239 2174 nee
261 2131 382 2192 prosum
406 2115 563 2191 quiequam
585 2120 703 2173 nostrae
726 2116 850 2174 rationis
873 2132 973 2195 egere,

183 2201 252 2260 hine
275 2200 345 2260 licet
367 2200 500 2260 advertas
523 2203 652 2260 animum
674 2204 768 2280 magis
792 2203 889 2262 omnia
911 2200 1006 2262 laudis

184 2291 288 2349 iactari
311 2306 399 2348 causa
422 2305 509 2366 quam
532 2288 610 2366 quod
633 2307 683 2349 res
705 2291 769 2368 ipsa
791 2289 941 2368 probetur.

185 2383 318 2436 extorres
341 2375 420 2435 idem
442 2377 537 2454 patria
560 2376 705 2454 longeque
729 2376 821 2455 fugati

184 2470 344 2541 conspeetu
367 2482 403 2523 ex
425 2463 591 2544 hominum,
614 2463 723 2524 loedati
746 2466 870 2525 erimine
893 2467 986 2545 turpi,

130 2567 165 2615 5ο
184 2551 320 2611 omuibus
334 2554 484 2612 aerumnis
499 2551 606 2611 adlecti
629 2550 771 2632 denique,
794 2554 908 2632 vivunt,

183 2646 213 2699 et
235 2657 420 2717 quocumque
443 2645 542 2698 tamen
565 2640 668 2699 miseri
690 2657 797 2700 venere
820 2647 977 2718 parentant

183 2735 212 2787 et
234 2729 333 2804 nigras
356 2733 484 2787 mactant
506 2726 634 2805 pecudes
658 2733 687 2786 et
709 2727 838 2787 manibu’
861 2728 936 2786 divis

182 2815 304 2874 inlerias
328 2817 461 2894 mittunt,
483 2814 635 2893 multoque
658 2816 689 2873 in
712 2813 802 2874 rebus
826 2813 941 2875 acerbis

182 2904 279 2962 aerius
303 2901 459 2962 advertunt
481 2904 593 2961 animos
616 2900 652 2961 ad
675 2901 857 2980 religionem.

130 3003 162 3053 55
182 3007 240 3067 quo
264 2991 357 3067 magis
381 2991 412 3048 in
435 2987 533 3049 dubiis
556 2990 707 3049 hominem
730 2997 863 3068 spectare
886 2989 1007 3068 periolis

181 3079 318 3137 convenit
341 3076 532 3153 adversisque
555 3079 587 3136 in
609 3076 699 3137 rebus
724 3094 848 3138 noscere
872 3080 923 3156 qui
946 3080 993 3137 sit.

181 3183 248 3224 nam
273 3181 357 3223 verae
381 3181 467 3222 voees
490 3170 554 3223 tum
576 3163 694 3225 demum
717 3171 837 3243 peotore
861 3165 897 3225 ab
920 3167 979 3224 imo

181 3251 353 3330 eliciuntur3
376 3250 523 3328 deripitur
545 3269 685 3332 persona,
708 3259 807 3312 manet
829 3270 888 3313 res

181 3339 309 3415 denique
333 3340 469 3397 avarities
492 3344 522 3397 et
543 3337 688 3399 honorum
712 3358 798 3400 caeca
821 3339 942 3420 cupido,

127 3442 162 3490 ao
182 3443 255 3504 quae
279 3426 405 3483 miseros
427 3424 562 3484 homines
585 3434 694 3504 coguut
716 3428 927 3488 transcendere
951 3427 1025 3488 lines

182 3515 256 3574 iuris
280 3519 310 3573 et
332 3512 482 3572 interdum
505 3516 601 3573 socios
625 3515 771 3575 scelerum
794 3522 881 3595 atque
904 3517 1059 3576 ministros
