2438 3998
141 234 185 299 92
627 228 666 283 ΠΙ

230 376 375 481 numquid
397 376 440 436 ibi
461 375 604 436 horribile
628 382 761 455 apparet,
784 392 856 434 num
877 375 963 434 triste
986 372 1103 434 videtur

158 486 176 535 9
271 469 402 545 inquam,
424 481 485 523 non
507 465 589 523 omni
611 480 714 524 somno
738 464 873 522 securius
897 457 1014 522 exstat?

275 553 369 632 Atque
385 570 418 612 ea
418 553 594 655 ,nimirum
608 568 810 629 quaecumque
823 549 991 610 Acherunte
1004 542 1151 628 profundo

160 484 427 762 mn
371 647 441 701 sunt
464 657 543 719 esse,
565 641 598 699 in
619 641 679 698 vita
702 645 772 699 sunt
794 639 892 698 omnia
914 637 1008 698 nobis.

231 747 287 790 neo
309 745 402 789 miser
423 726 588 806 inpendens
611 744 749 805 magnum
771 727 857 786 timet
879 729 946 787 9999
971 743 1073 785 saxum

157 815 171 1064 Ξ
232 815 384 919 Tantalus,
406 823 441 876 ut
463 816 579 896 famast,
602 832 686 875 cassa
707 812 865 874 formidine
887 821 1022 917 torpens:

154 890 162 1010 l
199 904 286 971 osed
308 906 403 982 magis
424 905 457 963 in
479 905 539 962 vita
561 902 658 963 divom
680 908 777 962 metus
798 903 916 979 urget
908 904 1005 962 manis

339 995 380 1073 is,
403 1008 563 1069 casumque
585 993 692 1052 timent
715 1007 803 1068 quem
826 991 934 1068 cuique
957 990 1032 1050 serat
1054 990 1151 1085 sor&

180 1107 212 1206 „
232 1097 288 1141 nec
310 1079 417 1158 Tityon
439 1078 574 1139 volucres
596 1080 701 1138 ineunt
721 1077 890 1137 Acherunte
912 1079 1070 1158 iacentem,

208 1183 289 1249 tneo
312 1166 390 1246 quod
414 1165 469 1227 sub
490 1183 595 1244 magno
615 1172 785 1226 scrutentur
803 1172 921 1267 pectore
941 1168 1098 1244 quicquam
1113 1187 1153 1228 999

203 1252 212 1313 i
233 1262 406 1334 perpetuam
428 1260 554 1314 aetatem
575 1261 701 1332 possunt
723 1255 856 1331 reperire
879 1254 1019 1331 proiecto.

161 1361 180 1411 9
202 1341 395 1422 squamlibet
416 1343 538 1401 immani
559 1344 694 1420 proiectu
718 1342 851 1419 corporis
874 1348 982 1421 exstet,

199 1447 215 1496 5
234 1432 287 1509 qui
309 1447 369 1489 non
392 1428 454 1489 sola
476 1446 581 1489 novem
605 1428 748 1508 dispessis
770 1431 873 1506 iugera
895 1429 1038 1489 membris

234 1520 378 1598 optineat,
401 1516 453 1577 sed
477 1519 529 1596 qui
552 1519 644 1577 terrai
665 1518 756 1577 totius
779 1515 895 1597 orbem,

234 1623 294 1666 non
316 1612 415 1666 tamen
437 1612 590 1666 aeternum
612 1606 722 1684 poterit
744 1604 876 1682 perferre
899 1603 1031 1664 dolorem
1114 1627 1155 1667 999

235 1711 291 1754 999
312 1692 455 1772 praebere
478 1692 577 1753 cibum
599 1695 720 1771 proprio
744 1691 781 1752 de
804 1709 929 1770 corpore
952 1710 1078 1770 semper.

163 1798 220 1849 990
239 1781 291 1842 sed
314 1781 414 1860 Tityos
438 1780 524 1841 nobis
545 1781 595 1863 hio
618 1787 676 1860 est,
699 1782 731 1840 in
754 1796 853 1840 amore
875 1781 1020 1840 iacentem

165 1886 217 1936 999
236 1887 325 1948 quem
347 1868 482 1930 volucres
505 1867 635 1929 lacerant
662 1914 1092 1929 .........

236 2002 613 2018 ........
659 1963 746 2034 atque
770 1962 853 2015 exest
875 1958 980 2016 anxius
1003 1974 1095 2035 angor

236 2051 287 2104 aut
309 2043 382 2104 aliae
406 2046 513 2122 quoius
536 2042 676 2104 scindunt
699 2042 864 2122 cuppedini’
887 2062 984 2104 curae.

236 2130 379 2210 Sisyphus
402 2133 435 2190 in
457 2133 517 2190 vita
539 2149 656 2210 quoque
679 2130 766 2192 nobis
788 2138 855 2192 ante
879 2131 980 2192 oculos
1003 2140 1061 2213 est,
1116 2155 1155 2195 oss

237 2220 288 2297 qui
310 2225 413 2297 petere
436 2237 452 2278 a
474 2217 583 2297 populo
606 2219 703 2279 fasces
726 2237 886 2298 saevasque
909 2238 1029 2280 secures

166 2325 218 2373 995
237 2304 367 2385 imbibit,
391 2312 421 2366 99
444 2323 562 2384 semper
584 2307 679 2367 victus
700 2308 855 2386 tristisque
877 2307 1006 2383 recedit

235 2411 303 2454 nam
316 2394 441 2471 petere
432 2395 603 2475 imperium,
614 2393 715 2472 quod
706 2396 828 2473 inanest
835 2413 895 2456 nec
906 2394 993 2456 datur
1006 2381 1157 2478 umquam,

236 2488 324 2559 atque
346 2482 378 2540 in
402 2498 437 2541 9ο
457 2499 579 2568 semper
601 2480 709 2542 durum
728 2467 857 2543 sufferre
879 2482 1023 2565 laborem,

236 2569 293 2629 hoo
316 2576 362 2629 est
383 2567 507 2628 adverso
529 2565 680 2629 nixantem
701 2562 823 2630 trudere
837 2576 942 2631 monte
1103 2595 1157 2636 mco

237 2675 352 2737 sarum,
376 2655 454 2735 quod
477 2663 576 2716 tamen
599 2674 615 2718 9
637 2675 752 2717 summo
776 2660 834 2717 iam
857 2660 966 2720 vertice
990 2678 1094 2720 rusum

150 2760 217 2811 1999
236 2743 361 2804 volvitur
384 2751 414 2805 et
435 2743 517 2822 plani
538 2747 647 2824 raptim
668 2747 744 2824 petit
766 2763 893 2825 aequora
907 2749 1022 2825 campi.

236 2830 342 2892 deinde
366 2833 457 2892 animi
479 2834 625 2911 ingratam
647 2840 781 2894 naturam
803 2852 926 2912 pascere
949 2853 1080 2917 semper,

237 2927 325 2998 atque
348 2919 466 2998 explere
489 2920 576 2980 bonis
599 2919 689 2980 rebus
713 2923 879 3000 satiareque
901 2939 1076 3004 numquam,

237 3006 316 3086 quod
338 3007 450 3067 faciunt
472 3008 558 3086 nobis
581 3026 725 3069 annorum
747 3016 894 3091 tempora,
917 3012 1029 3071 circum
1104 3033 1157 3074 noc

237 3113 304 3155 cum
326 3093 452 3155 redeunt
475 3096 611 3175 ictusque
635 3097 735 3157 ierunt
756 3100 912 3176 variosque
936 3097 1066 3181 lepores,

149 3199 217 3250 1005
236 3201 291 3242 neo
313 3189 413 3242 tamen
436 3182 589 3261 explemur
611 3185 682 3244 vitai
704 3184 849 3245 fructibus
872 3204 1025 3268 umquam,

236 3271 306 3350 hoc,
327 3276 362 3330 ut
384 3272 502 3350 opinor,
525 3271 556 3331 id
579 3279 637 3351 est,
660 3289 730 3331 aevo
754 3271 879 3334 florente
902 3275 1014 3352 puellas

237 3357 316 3437 quod
343 3365 510 3418 memorant
537 3357 654 3418 laticem
679 3365 834 3437 pertusum
856 3378 1016 3441 congerere
1039 3366 1071 3423 in
1094 3381 1158 3444 vas,

236 3445 315 3526 quod
337 3454 437 3508 tamen
460 3444 575 3524 expleri
597 3444 676 3506 nulla
698 3449 813 3508 ratione
835 3456 978 3528 potestur.
1106 3475 1159 3515 1010

237 3535 385 3597 Cerberus
409 3542 439 3595 et
462 3533 568 3594 Furiae
591 3535 650 3593 iam
673 3551 755 3617 vero,
772 3542 808 3622 ¹et
831 3535 905 3598 lueis
928 3545 1043 3617 egestas
