2438 3998
616 259 642 313 V
987 320 990 325 ,
1066 258 1129 324 135

195 406 273 467 haud
296 408 387 484 igitur
410 413 545 466 constant
567 406 665 467 divino
687 406 820 485 praedita
842 426 945 490 sensu,

160 510 176 559 5
196 494 434 574 quandoquidem
456 502 608 572 nequeunt
630 494 758 555 vitaliter
780 513 845 556 esse
869 499 1003 557 animata.
1089 498 1167 558 as

111 489 179 749 [ξε
237 582 312 643 illud
336 585 408 643 item
430 600 489 642 uon
513 589 559 643 est
580 589 614 642 ut
635 585 732 662 possis
756 584 890 666 eredere,
914 580 1047 729 sedesq

197 690 263 732 esse
287 670 374 732 deum
397 677 514 731 sanetas
536 672 569 730 in
590 671 694 731 mundi
716 669 849 750 partibus
873 672 949 733 ullis.

195 762 291 819 tenvis
314 762 395 819 enim
416 765 520 818 natura
543 759 631 820 deum
654 759 798 839 longeque
821 768 933 821 remota

197 847 334 908 sensibus
357 846 393 907 ab
415 848 527 907 nostris
550 849 642 907 animi
663 849 712 908 vix
734 854 833 908 mente
856 849 984 929 videtur3
1103 889 1150 1035 Χ

1092 959 1116 998 ra

161 952 271 1015 oquae
294 937 433 1014 quoniam
455 953 595 996 manuum
617 942 728 996 tactum
750 936 872 1014 suillrgit
894 944 924 996 et
946 939 1051 1018 ictum,

163 1024 294 1090 1taotile
317 1023 359 1084 nil
382 1022 467 1083 nobis
491 1023 569 1102 quod
593 1026 633 1084 sit
656 1026 826 1102 contingere
850 1024 950 1085 debet:

94 1136 120 1225 p
196 1120 316 1192 tangere
340 1115 419 1172 enim
441 1127 501 1171 non
524 1112 588 1189 quit
611 1111 689 1190 quod
711 1115 794 1191 tangi
815 1131 874 1173 uon
896 1112 967 1174 lieet
988 1114 1095 1191 ipsum.

198 1218 288 1279 quare
311 1203 399 1261 etiam
423 1200 508 1260 sedes
532 1217 648 1279 quoque
670 1203 781 1261 nostris
805 1201 925 1262 sedibus
949 1219 1015 1261 esse

197 1289 355 1349 dissimiles
378 1287 498 1368 debent,
521 1294 626 1348 tenues
648 1307 703 1367 pro
727 1307 849 1369 eorpore
873 1308 989 1370 eorum3

129 1393 180 1442 145
199 1397 271 1456 quae
293 1377 350 1437 tibi
371 1378 519 1456 posterius
541 1375 622 1455 largo
645 1395 782 1438 sermone
804 1377 878 1457 prob
1092 1398 1131 1439 155

95 1524 99 1529 .
127 1480 183 1531 156
199 1465 296 1526 dicere
318 1483 409 1544 porro
430 1464 584 1524 bominum
606 1483 693 1526 oausa
715 1466 844 1527 voluisse
868 1485 972 1545 parare

198 1553 377 1632 praeclaram
400 1552 503 1613 mundi
525 1561 673 1632 naturam,
695 1561 910 1634 proptereaque

200 1641 378 1703 adlaudabile
402 1659 477 1721 opus
500 1640 597 1700 divom
620 1641 738 1702 laudare
762 1641 867 1702 decere

200 1738 408 1808 aeternumque
431 1736 536 1809 putare
559 1735 646 1808 atque
669 1730 823 1790 inmortale
846 1730 991 1810 iuturum,

131 1834 181 1883 150
199 1832 254 1878 neo
275 1819 319 1878 fas
342 1837 421 1898 esse,
444 1817 532 1879 deum
556 1816 633 1896 quod
657 1819 697 1877 sit
718 1820 831 1878 ratione
854 1824 968 1878 vetusta
1092 1841 1131 1880 reo

128 1923 182 1972 161
200 1906 335 1985 gentious
357 1907 494 1967 humanis
516 1905 671 1966 fundatum
693 1915 835 1985 perpetuo
858 1924 942 1988 aevo,

201 1994 356 2055 sollieitare
379 1996 442 2054 suis
464 1993 523 2054 ulla
545 1996 575 2053 vi
597 2012 633 2054 ex
656 1993 777 2054 sedibus
799 2013 951 2076 umquam,

200 2101 255 2143 nee
278 2083 374 2143 verbis
397 2100 502 2142 vexare
526 2089 556 2142 et
579 2081 615 2142 ab
637 2083 696 2141 imo
720 2092 852 2143 evertere
876 2101 1002 2164 summa,

201 2178 299 2247 oetera
321 2171 357 2231 de
380 2188 488 2249 genere
511 2170 567 2230 hoo
590 2170 738 2248 adfingere
761 2177 792 2231 et
814 2171 935 2253 addere,
956 2171 1088 2251 Memmi,

130 2274 181 2323 155
201 2259 372 2337 desiperest.
409 2257 479 2337 quid
502 2261 582 2318 euim
604 2258 810 2319 inmortalibus
833 2266 919 2339 atque
942 2259 1035 2320 beatis
1093 2282 1131 2322 roa

131 2363 185 2412 166
200 2349 292 2425 gratia
314 2355 414 2407 nostra
437 2353 525 2425 queat
547 2346 683 2426 largirier
706 2347 909 2427 emolumenti,

200 2443 233 2495 ut
255 2443 356 2496 nostra
378 2438 535 2513 quiequam
557 2453 645 2495 eausa
667 2453 771 2513 gerere
795 2432 1023 2514 adgrediamur?

202 2524 307 2603 quidve
330 2526 398 2583 novi
420 2525 516 2603 potuit
537 2530 618 2583 tauto
641 2530 709 2602 post
731 2530 798 2584 aute
822 2526 937 2603 quietos

201 2612 322 2672 inlicere
345 2620 378 2671 ut
401 2618 544 2691 cuperent
565 2613 654 2671 vitam
676 2618 791 2672 mutare
813 2608 964 2691 priorem?

131 2716 182 2765 160
201 2718 268 2760 nam
291 2699 419 2778 gaudere
441 2701 525 2759 novis
547 2698 637 2760 rebus
660 2699 768 2759 debere
791 2700 907 2760 videtur
1093 2724 1132 2765 no

202 2791 250 2848 cui
272 2794 387 2848 veteres
410 2787 530 2847 obsunt:
553 2787 605 2848 sed
629 2789 677 2847 oni
699 2787 742 2846 nil
764 2788 871 2848 aoeidit
894 2789 974 2866 aegri
1056 2815 1059 2822 ,

100 2946 103 2951 ¹
201 2884 333 2955 tempore
356 2879 387 2935 in
410 2882 557 2955 anteacto,
580 2894 648 2936 oum
669 2875 792 2954 pulchre
815 2875 935 2954 degeret
957 2893 1070 2958 aevom,

130 2979 185 3029 175
201 2964 271 3044 quid
294 2967 390 3042 potuit
411 2966 548 3024 novitatis
572 2981 701 3023 amorem
724 2964 884 3024 accendere
907 2960 979 3024 tali?
1094 2987 1133 3028 ne

130 3067 186 3119 170
201 3060 242 3133 at,
266 3052 368 3133 oredo,
390 3051 576 3112 intenebris
598 3054 658 3111 vita
680 3071 713 3113 ao
736 3071 869 3113 maerore
891 3051 1016 3134 indebat,
1094 3075 1132 3116 rao

132 3141 295 3206 londonen
318 3141 424 3202 diluxit
445 3158 546 3201 rerum
568 3139 703 3219 genitalis
726 3143 817 3219 origo.

130 3245 185 3294 176
202 3229 308 3308 quidve
330 3229 400 3289 mali
422 3229 518 3290 iuerat
539 3228 625 3289 nobis
647 3246 707 3289 nou
730 3247 795 3289 esse
818 3226 946 3289 creatis?
1095 3251 1134 3290 ιη

201 3325 287 3379 natus
310 3319 390 3377 enim
413 3317 501 3377 debet
523 3319 730 3395 quicumquest
752 3316 826 3377 velle
848 3335 967 3377 manere
1095 3339 1133 3379 na

201 3408 233 3465 in
256 3407 327 3484 vita,
350 3405 443 3466 donee
465 3404 606 3466 retinebit
627 3403 732 3465 blanda
754 3404 901 3484 voluptas:

202 3496 254 3572 qui
276 3511 436 3571 numquam
458 3511 528 3554 vero
551 3494 626 3552 vitae
650 3495 777 3571 gustavit
798 3511 928 3554 amorem

132 3598 183 3647 170
201 3599 257 3643 neo
280 3582 336 3642 tuit
358 3583 389 3641 in
412 3599 545 3663 numero,
568 3581 640 3662 quid
663 3580 751 3643 obest
766 3600 835 3643 uon
850 3568 922 3640 esse
939 3573 1100 3638 meatum&
1114 3592 1162 3628 m
