2438 3998
141 306 183 369 22
640 305 652 357 Ι

212 457 299 530 atque
322 452 353 510 in
377 469 427 512 eas
450 469 570 511 rursum
593 469 641 511 res
665 452 763 510 omnia
787 449 1004 532 dissoluuntur,

141 547 196 599 765
214 541 264 618 qui
287 541 380 616 magis
403 537 452 598 illa
476 545 589 617 queunt
611 556 713 599 rerum
734 538 896 617 primordia
920 538 980 613 dici
1112 554 1152 596 777

142 633 193 684 770
213 644 300 705 quam
324 633 425 687 contra
448 645 497 686 res
521 626 639 687 illorum
662 634 802 705 retroque
825 622 944 705 putari?

212 713 334 774 alternis
357 717 518 793 gignuntur
542 716 620 775 enim
643 721 816 793 mutantque
840 714 971 774 colorem

142 814 192 864 762
212 809 242 862 et
264 808 355 862 totam
377 805 456 862 inter
479 821 511 864 se
534 809 669 863 naturam
691 809 824 880 tempore
848 801 884 862 ab
908 805 996 863 omni.
1109 825 1149 865 777

142 892 259 950 704717
282 893 323 950 ita
346 889 422 950 sorte
445 896 532 970 putas
554 892 631 969 ignis
654 897 810 968 terraeque
834 892 914 950 coire
1111 906 1152 945 777

142 984 192 1033 705
213 996 320 1057 corpus
344 985 374 1038 et
396 980 491 1039 aerias
514 996 600 1039 auras
624 995 780 1056 roremque
803 977 942 1059 liquoris,

211 1064 253 1125 nil
276 1068 308 1126 in
331 1065 455 1126 concilio
478 1073 613 1126 naturam
635 1073 670 1126 ut
690 1072 785 1126 mutet
808 1084 924 1147 eorum,

211 1152 291 1214 nulla
313 1153 368 1215 tibi
391 1172 427 1214 77
450 1152 509 1213 illis
532 1155 642 1232 poterit
664 1171 713 1214 res
738 1170 803 1214 esse
827 1160 938 1234 creata,

211 1259 271 1301 non
293 1244 440 1322 animane,
463 1259 522 1302 non
546 1243 680 1301 exanimo
704 1259 771 1302 cum
796 1259 933 1323 corpore,
956 1248 990 1302 ut
1012 1241 1113 1303 arbos:

141 1334 196 1386 775
212 1331 321 1408 quippe
345 1346 427 1389 suam
452 1331 578 1407 quicque
601 1330 633 1388 in
657 1336 743 1390 coetu
766 1331 905 1390 variantis
929 1332 1026 1389 acervi
1111 1344 1150 1385 777

141 1423 193 1472 770
211 1423 346 1477 naturam
369 1416 517 1497 ostendet,
540 1417 709 1496 mixtusque
732 1417 880 1478 videbitur
903 1421 953 1476 777

212 1522 279 1565 cum
301 1514 381 1564 terra
404 1504 602 1584 simulatque
626 1505 714 1565 ardor
737 1523 805 1566 cum
827 1523 894 1567 7777
917 1522 1047 1565 manere.

212 1599 241 1653 at
263 1592 425 1671 primordia
447 1592 606 1672 gignundis
628 1595 660 1652 in
683 1592 772 1654 rebus
796 1600 913 1672 oportet

211 1688 348 1741 naturam
371 1680 583 1741 clandestinam
607 1699 782 1760 caecamque
806 1681 959 1762 adhibere,

141 1774 197 1826 780
210 1771 339 1829 emineat
361 1787 398 1829 ne
422 1768 507 1851 quid,
530 1768 608 1848 quod
632 1776 733 1829 contra
756 1775 867 1848 pugnet
890 1775 920 1829 et
943 1768 1040 1829 obstet
1110 1782 1151 1822 ⁷⁸⁰

142 1863 192 1912 777
212 1875 270 1935 quo
293 1858 392 1917 minus
415 1875 481 1917 esse
505 1863 592 1936 queat
613 1858 733 1936 proprie
757 1857 963 1937 quodcumque
987 1863 1112 1917 creatur.

256 1943 333 2014 Quin
356 1946 445 2005 etiam
467 1951 606 2023 repetunt
628 1963 645 2004 a
668 1944 749 2005 caelo
772 1951 859 2023 atque
882 1944 1001 2023 ignibus
1024 1946 1090 2005 eins

212 2038 242 2092 et
264 2034 394 2110 primum
417 2032 528 2092 faciunt
551 2035 649 2110 ignem
673 2050 705 2092 se
728 2039 844 2092 vertere
868 2035 899 2092 in
922 2049 1008 2093 auras

212 2121 303 2199 airis,
326 2119 396 2180 hinc
418 2118 544 2179 imbrem
567 2121 661 2200 gigni,
683 2127 852 2199 terramque
876 2121 972 2181 creari

141 2213 198 2266 785
211 2225 247 2267 ex
271 2206 372 2288 imbri,
394 2213 535 2285 retroque
558 2226 575 2267 a
597 2215 678 2268 terra
700 2214 806 2268 cuncta
828 2210 951 2288 reverti,
1110 2221 1149 2261 ⁷8⁵

142 2302 194 2351 700
212 2313 347 2357 umorem
368 2296 510 2376 primum,
533 2302 600 2374 post
622 2300 703 2376 7777,
727 2295 833 2357 deinde
857 2295 997 2375 calorem,

214 2403 268 2444 nec
291 2401 408 2444 cessare
431 2383 504 2444 haec
527 2385 606 2444 inter
629 2402 660 2445 se
683 2390 811 2464 mutare,
836 2401 936 2444 meare

213 2490 228 2531 a
252 2471 331 2531 caelo
356 2471 392 2532 ad
414 2478 538 2553 terram,
562 2471 599 2532 de
621 2478 701 2532 terra
724 2472 760 2531 ad
783 2470 881 2531 sidera
904 2471 1014 2532 mundi.

213 2560 291 2638 quod
314 2561 411 2620 facere
435 2560 512 2621 haud
535 2559 596 2621 ullo
620 2558 728 2620 debent
750 2559 911 2638 primordia
934 2565 1028 2637 pacto.

141 2654 197 2705 790
210 2647 393 2708 immutabile
417 2651 496 2708 enim
520 2647 659 2728 quiddam
682 2665 823 2726 superare
846 2653 1011 2727 necessest,
1111 2662 1151 2700 no

142 2742 193 2791 705
211 2753 249 2796 77
272 2754 321 2796 res
344 2736 380 2797 ad
403 2736 496 2797 nilum
519 2737 690 2816 redigantur
712 2735 845 2797 funditus
869 2752 984 2815 omnes;

211 2842 280 2884 nam
303 2824 509 2903 quodcumque
533 2826 595 2885 suis
617 2830 762 2885 mutatum
786 2822 894 2883 finibus
918 2824 992 2902 exit,

212 2914 351 2973 continuo
374 2912 430 2973 hoc
453 2929 534 2971 mors
557 2918 604 2972 est
625 2911 705 2972 illius
729 2911 807 2991 quod
830 2911 887 2971 fuit
908 2917 985 2970 ante.

213 3006 392 3079 quapropter
415 3000 554 3079 quoniam
577 3017 651 3076 quae
673 2999 760 3079 paulo
784 2999 912 3060 diximus
935 3004 1003 3058 autc

141 3091 197 3145 795
212 3089 243 3146 in
267 3092 476 3147 commutatum
499 3087 636 3166 veniunt,
658 3093 793 3147 constare
816 3091 969 3148 necessest
1112 3101 1152 3142 aas

142 3181 193 3230 700
212 3192 248 3236 ex
272 3173 337 3234 aliis
361 3191 407 3255 77,
431 3192 505 3252 quae
529 3177 677 3253 nequeant
699 3178 867 3235 convertier
889 3191 1028 3254 usquam,

211 3279 249 3321 ne
272 3261 328 3321 tibi
351 3279 399 3322 res
422 3262 545 3323 redeant
567 3262 603 3322 ad
626 3262 719 3323 nilum
741 3262 874 3323 funditus
898 3279 1009 3323 omnes.

212 3350 283 3428 quin
305 3351 405 3427 potius
428 3349 480 3410 tali
502 3357 607 3411 natura
628 3350 762 3430 praedita
785 3350 929 3429 quaedam

212 3454 335 3516 corpora
358 3440 534 3519 constituas,
558 3441 657 3517 ignem
680 3440 706 3498 si
729 3438 805 3498 sorte
828 3439 970 3519 crearint,

140 3533 197 3584 800
210 3544 298 3605 posse
322 3526 438 3610 eadem,
462 3526 589 3605 demptis
612 3527 715 3605 paucis
738 3526 899 3605 paucisque
924 3525 1057 3606 tributis,
1112 3539 1153 3580 777

525 3611 618 3694 [roo]
634 3611 765 3677 --777.
