2438 3998
594 221 622 277 Π
1064 221 1106 286 51

101 385 154 435 660
172 369 287 429 reddita
310 375 379 429 sunt
402 387 469 429 cum
493 369 583 429 odore
606 371 638 429 in
660 371 778 451 primis,
800 369 943 448 pluraque
967 369 1043 430 dona
1068 383 1106 423 66

171 547 244 607 haec
267 547 358 624 igitur
380 548 469 605 variis
493 545 602 605 debent
625 555 761 606 constare
785 546 900 625 figuris:

171 633 259 694 nidor
281 635 360 694 enim
383 639 519 712 penetrat
541 652 599 712 qua
621 633 707 694 incus
728 651 790 694 non
813 637 837 694 it
859 636 890 694 in
913 642 1008 715 artus,

102 752 105 756 ¹
172 723 258 784 sucus
281 723 352 782 item
376 739 507 802 sorsum,
530 739 648 782 sorsum
671 739 759 800 sapor
780 724 948 783 insinuatur

102 825 158 878 665
172 809 323 890 sensibus3
346 816 380 870 ut
402 826 507 870 noscas
530 811 635 888 primis
658 809 778 870 differre
801 810 911 888 figuris.
1069 821 1110 863 660

102 913 154 965 660
173 897 333 959 dissimiles
355 899 447 976 igitur
469 898 580 958 formae
604 898 803 976 glomeramen
825 900 857 958 in
879 916 972 958 unum

173 989 364 1067 conveniunt,
388 992 418 1046 ct
439 1004 489 1046 res
511 987 658 1064 permixto
681 988 794 1047 semine
818 993 961 1046 constant.

173 1077 245 1155 quin
268 1076 356 1135 etiam
378 1076 489 1152 passim
512 1076 623 1134 nostris
644 1075 677 1134 in
699 1074 835 1134 versibus
858 1076 932 1153 ipsis

172 1163 265 1223 multa
288 1162 432 1223 elementa
454 1161 537 1222 vides
559 1161 661 1222 multis
685 1165 852 1223 communia
873 1162 985 1241 verbis,

103 1267 159 1320 690
173 1270 240 1313 cnm
261 1257 362 1311 tamen
384 1252 463 1310 inter
486 1268 518 1310 se
542 1268 645 1310 versus
668 1268 702 1311 ac
725 1250 814 1311 rerba
836 1257 988 1311 necessest
1070 1263 1110 1304 600

103 1356 156 1406 600
174 1340 332 1400 confiteare
356 1337 411 1398 alia
434 1356 471 1398 ex
493 1336 559 1398 aliis
583 1344 718 1399 constare
742 1338 910 1419 elementis3

173 1446 234 1489 non
256 1446 315 1506 quo
337 1426 430 1486 multa
451 1443 556 1504 parum
579 1428 744 1487 communis
767 1426 865 1487 littera
887 1435 987 1487 currat

174 1523 225 1576 aut
247 1514 326 1575 nulla
349 1517 427 1574 inter
451 1531 482 1574 se
506 1512 564 1574 duo
588 1516 650 1574 sint
672 1532 709 1574 ex
732 1513 868 1575 omnibus
891 1515 999 1593 isdem,

175 1603 227 1664 sed
251 1605 320 1681 quia
342 1621 403 1663 non
425 1601 509 1680 volgo
531 1604 615 1680 paria
638 1601 776 1662 omnibus
799 1604 897 1662 omnia
920 1609 1064 1663 constant.

103 1707 159 1760 695
173 1694 216 1752 sic
239 1691 305 1751 aliis
328 1693 359 1750 in
381 1689 471 1750 rebus
494 1692 566 1750 item
589 1692 756 1751 communia
777 1689 870 1750 multa
1071 1701 1110 1744 666

103 1796 155 1848 666
174 1779 334 1840 multarum
356 1796 457 1838 666666
480 1796 548 1838 cum
572 1780 632 1838 sint
651 1777 825 1859 primordia,
848 1796 951 1838 eorum

175 1867 314 1929 dissimili
335 1874 434 1927 tamen
456 1868 534 1926 inter
558 1885 589 1927 se
613 1868 776 1926 consistere
800 1883 914 1927 summa

174 1961 313 2035 possunt3
335 1960 369 2014 66
390 1956 497 2015 merito
521 1972 556 2014 er
580 1953 646 2014 aliis
670 1960 805 2014 constare
828 1954 940 2014 feratur

175 2045 335 2104 humanum
358 2059 451 2120 genus
474 2048 505 2102 et
526 2041 627 2121 fruges
649 2041 827 2121 arbustaque
850 2042 933 2103 laeta.

104 2149 160 2200 700
217 2130 279 2192 Nec
300 2137 400 2191 tamen
423 2129 600 2190 omnimodis
623 2133 738 2190 conecti
760 2148 848 2210 posse
866 2130 1059 2210 putandumst
1072 2144 1111 2184 roo

106 2237 157 2287 700
176 2221 287 2280 omnia:
310 2236 379 2278 nam
401 2217 485 2296 volgo
508 2218 575 2278 fieri
597 2226 733 2296 portenta
755 2219 885 2299 videres,

177 2307 329 2369 semiferas
351 2306 505 2366 hominum
527 2308 642 2384 species
665 2309 807 2387 existere,
830 2312 860 2366 et
882 2305 955 2366 altos

176 2395 325 2457 interdurn
347 2410 445 2455 ramos
469 2395 567 2472 egigni
590 2411 714 2473 6066066
737 2397 815 2475 vivo,

176 2483 325 2562 multaque
349 2483 464 2543 conecti
485 2484 640 2542 terrestria
661 2482 794 2543 membra
816 2484 952 2562 marinis,

106 2588 161 2639 705
176 2580 240 2632 tum
261 2570 409 2631 flammam
433 2577 525 2630 taetro
548 2572 689 2648 spirantis
712 2588 763 2631 ore
787 2570 956 2630 Chimaeras
1072 2582 1111 2624 ros

107 2676 159 2727 706
176 2677 298 2740 6666666
321 2664 456 2719 naturam
477 2675 532 2737 666
554 2665 650 2718 666666
673 2660 894 2736 omniparentis.

178 2765 303 2827 quorum
326 2746 369 2806 nil
391 2747 457 2807 fieri
479 2746 709 2827 manifestumst,
733 2748 830 2806 omnia
853 2746 969 2825 quando

177 2834 340 2896 seminibus
363 2837 453 2896 certis
476 2842 558 2895 certa
580 2837 729 2913 genetrice
753 2841 851 2895 creata

177 2941 352 2984 conservare
375 2941 468 3001 genus
491 2924 655 2983 crescentia
677 2940 765 3001 posse
787 2922 930 2982 videmus.

106 3028 160 3079 710
177 3011 305 3092 scilicet,
326 3010 357 3071 id
380 3018 461 3071 certa
483 3011 549 3072 fieri
571 3013 685 3071 ratione
707 3018 870 3071 necessust.
1073 3023 1112 3063 ⁷1⁰

107 3117 159 3169 710
178 3118 245 3160 nam
269 3117 322 3160 sua
345 3101 452 3177 cuique
476 3098 550 3159 cibis
573 3116 609 3158 ex
632 3097 769 3159 omnibns
792 3101 873 3158 intus
896 3100 927 3158 in
951 3104 1031 3158 66666

177 3205 302 3268 6066066
324 3185 481 3247 discedunt
502 3204 671 3265 conexaque
697 3187 899 3247 convenientis

178 3276 311 3337 efficiunt
331 3282 442 3335 motus:
466 3281 496 3335 at
518 3282 620 3335 contra
643 3273 738 3335 aliena
760 3274 893 3335 videmus

177 3365 291 3425 reicere
313 3365 345 3423 in
367 3371 462 3423 terras
484 3370 632 3444 naturam3
654 3362 804 3443 multaque
827 3364 924 3424 caecis

105 3470 161 3521 715
175 3450 349 3532 corporibus
372 3451 489 3529 fugiunt
512 3469 528 3512 e
551 3468 688 3532 corpore,
710 3453 822 3530 percita
844 3449 952 3530 plagis,
1073 3461 1112 3502 ⁷1⁵

106 3557 158 3606 616
178 3558 254 3619 quae
276 3557 373 3618 neque
397 3541 514 3600 conecti
536 3556 684 3618 quoquam
705 3545 829 3618 potuere
851 3555 949 3617 neque
972 3536 1041 3596 inde

864 3637 902 3690 4*
