2438 3998
584 225 623 277 111

170 379 220 432 aut
242 369 349 430 nebula
372 376 422 430 aut
444 370 555 450 sumus3
578 387 647 429 nam
670 369 756 448 longe
778 370 941 432 mobilitate

169 464 300 538 praestat
322 463 353 518 et
375 476 391 517 a
413 459 497 517 tenui
520 474 606 517 causa
629 460 723 536 magis
746 460 803 518 icta
825 467 972 540 movetur3

98 561 152 612 430
171 549 279 626 quippe
303 544 355 605 ubi
378 543 555 623 imaginibus
578 545 652 604 lumi
675 544 857 625 nebulaeque
880 555 1028 608 movetur:

171 634 250 713 quod
273 651 380 713 genus,
402 635 434 692 in
458 634 569 692 somnis
593 634 683 711 sopiti
706 632 758 692 ubi
781 636 930 695 cernimus
953 634 1011 695 alte

171 720 307 782 exhalare
329 738 468 798 vaporem
491 719 593 780 altaria
615 720 753 799 ferreque
777 721 904 782 sumum:

170 828 239 870 nam
261 807 365 888 procul
388 809 457 868 hinc
481 807 570 868 dubio
593 806 680 868 nobis
703 806 860 869 simulacra
882 816 1026 887 geruntur
1044 841 1087 853 ·-

171 915 250 958 nunc
273 899 364 974 igitur
387 898 525 975 quoniam
548 897 694 974 quassatis
716 895 848 974 undique
871 899 948 957 vasis

99 999 151 1050 435
171 985 306 1045 dillluere
330 1001 464 1044 umorem
487 991 517 1044 et
539 982 657 1043 laticem
679 982 832 1043 discedere
856 986 967 1064 cernis,

172 1080 201 1132 et
223 1071 329 1132 nebula
353 1090 387 1131 ac
410 1072 508 1131 tumus
531 1072 671 1149 quoniam
693 1070 819 1131 discedit
841 1072 873 1131 in
896 1089 995 1152 auras,

172 1159 259 1220 crede
283 1161 408 1218 animam
433 1176 550 1236 quoque
574 1157 699 1218 diffundi
721 1157 872 1237 multoque
895 1161 994 1237 perire

172 1250 254 1307 ocius
278 1253 308 1305 et
330 1248 417 1306 citius
441 1245 562 1305 dissolui
585 1247 616 1305 in
640 1264 762 1324 corpora
787 1248 895 1326 prima,

171 1353 238 1395 cum
262 1333 356 1394 semel
378 1352 414 1393 ex
437 1333 565 1393 bominis
588 1333 729 1393 membris
752 1333 846 1394 ablata
868 1335 1005 1394 recessit:

99 1436 153 1487 440
172 1425 281 1502 quippe
309 1423 419 1481 etenim
442 1439 562 1501 corpus,
590 1421 669 1498 quod
691 1439 742 1480 vas
765 1423 849 1500 quasi
872 1423 1005 1482 constitit
1028 1423 1104 1503 eius,

171 1527 259 1589 quam
282 1509 421 1569 cohibere
445 1510 548 1587 nequit
571 1516 798 1586 conquassatum
822 1527 858 1569 ex
881 1509 1034 1589 aliquare

170 1615 204 1657 ac
227 1597 403 1657 rarefactum
426 1595 558 1656 detracto
582 1598 723 1673 sanguine
747 1599 843 1676 venis,

171 1689 239 1745 aere
263 1686 314 1763 qui
337 1683 440 1744 credas
463 1701 551 1762 posse
573 1683 649 1743 banc
672 1682 838 1743 cohiberier
861 1679 944 1743 ullo?

595 1790 612 1826 g

169 1766 294 1938 sscorpore
318 1860 369 1938 qui
391 1865 493 1918 nostro
516 1876 601 1918 rarus
624 1875 707 1934 mage
731 1859 783 1938 sit,
807 1853 1015 1937 cohibessitlll

99 1962 151 2012 445
214 1946 370 2007 Praeterea
392 1947 475 2024 gigni
496 1947 608 2025 pariter
631 1963 698 2005 cum
722 1962 844 2023 corpore
868 1951 898 2005 et
920 1963 978 2005 una

171 2052 306 2094 crescere
330 2036 474 2094 sentimus
496 2035 666 2113 pariterque
690 2050 846 2093 senescere
869 2040 1007 2094 mentem.

170 2140 239 2181 nam
261 2120 341 2181 velut
363 2122 481 2181 infirmo
504 2123 590 2200 pueri
612 2128 774 2199 teneroque
797 2127 938 2199 vagantur

171 2227 308 2288 corpore,
331 2210 375 2268 sic
398 2210 488 2268 animi
510 2211 646 2287 sequitur
669 2210 815 2269 sententia
837 2211 946 2269 tenvis:

170 2295 239 2356 inde
262 2295 314 2356 ubi
336 2295 467 2356 robustis
490 2295 616 2356 adolevit
638 2296 751 2357 viribus
774 2302 866 2377 aetas,

99 2398 151 2447 tuo
171 2383 326 2444 consilium
351 2401 468 2462 quoque
491 2385 586 2444 maius
610 2390 639 2444 et
662 2386 775 2443 auctior
797 2391 843 2444 est
865 2386 956 2444 animi
978 2385 1035 2443 vis:

169 2478 237 2549 post
258 2470 310 2531 ubi
333 2473 393 2531 iam
415 2470 520 2531 validis
544 2477 742 2550 quassatumst
763 2471 876 2532 viribus
899 2473 963 2532 aevi

170 2577 278 2637 corpus
302 2566 331 2619 et
354 2557 468 2619 obtusis
492 2558 664 2619 ceciderunt
686 2558 799 2619 viribus
821 2566 916 2640 artus,

169 2645 313 2706 claudicat
335 2648 500 2727 ingenium,
525 2644 629 2707 delirat
651 2646 763 2726 lingua,
785 2642 809 2725 †
831 2663 929 2727 mens,

170 2736 268 2794 omnia
292 2733 433 2794 deliciunt
457 2741 544 2813 atque
568 2751 627 2794 uno
649 2741 782 2812 tempore
806 2732 921 2794 desunt.

98 2836 150 2885 toa
170 2839 240 2898 ergo
263 2820 388 2881 dissolui
410 2839 527 2900 quoque
550 2823 688 2882 convenit
710 2838 827 2880 omnem
850 2823 958 2881 animai

169 2915 316 2989 naturam,
340 2927 395 2969 ceu
419 2909 530 2989 sumus,
553 2911 585 2968 in
607 2908 679 2969 altas
703 2911 781 2968 aeris
804 2927 904 2989 auras3

170 2995 407 3075 quandoquidem
430 2999 511 3075 gigni
533 2998 645 3075 pariter
666 2999 836 3075 pariterque
859 2997 992 3056 videmus

170 3101 303 3144 crescere
327 3091 370 3164 et,
392 3085 429 3146 ui
449 3083 550 3164 docui,
573 3082 661 3144 simul
684 3101 755 3143 aevo
778 3084 855 3144 fessa
879 3084 982 3144 latisci.

211 3170 276 3231 Huc
299 3172 412 3232 accedit
434 3174 478 3232 uti
501 3171 665 3251 videamus,
688 3189 796 3250 corpus
819 3176 853 3231 ut
875 3173 973 3250 ipsum

97 3271 149 3321 tto
168 3260 319 3337 suscipere
342 3261 470 3319 inmanis
492 3258 612 3318 morbos
635 3259 800 3338 durumque
824 3258 969 3341 dolorem,

168 3347 212 3406 sio
235 3348 366 3407 animum
389 3365 474 3408 curas
497 3348 575 3407 acris
598 3346 769 3424 luctumque
792 3353 976 3428 metumque3

167 3451 258 3511 quare
282 3437 455 3513 participem
479 3434 531 3496 leti
554 3452 671 3513 quoque
695 3436 832 3495 convenit
854 3453 933 3495 esse:

166 3513 174 3602 ll
189 3522 262 3598 quin
284 3524 373 3582 etiam
395 3521 507 3583 morbis
530 3524 561 3582 in
585 3525 718 3601 corporis
741 3523 823 3583 avius
846 3529 926 3582 errat
