2438 3998
102 245 227 300 LXXXII
466 244 749 301 PROLEGOMENA.

102 393 255 453 elementis
277 394 389 452 exitum
407 394 622 470 introitumque
641 389 790 451 redditum
810 395 918 450 extare.
956 388 992 448 de
1012 388 1115 449 eadem

101 500 134 542 re
162 481 210 540 bio
239 497 306 540 eum
334 479 444 539 dixisse
473 482 544 540 satis
567 485 697 558 apparet
743 480 842 556 itaque
868 476 982 537 caelum
1004 475 1114 537 loricae

102 574 265 648 comparat,
292 585 367 646 quae
399 567 495 628 fuerat
528 566 598 626 olim
624 565 774 646 pectorale
803 583 839 626 ex
867 564 939 625 loris
968 565 1004 625 de
1033 567 1114 625 corio

102 657 194 719 crudo
213 656 332 736 iactum,
354 661 388 716 ut
410 655 496 715 docet
514 654 595 715 Varr.
618 654 655 714 de
679 654 748 732 ling.
772 653 820 714 lat.
839 651 863 712 V
880 672 908 733 p.
934 651 1006 735 121,
1025 671 1114 732 quem

102 745 201 805 locum
230 742 293 804 Lm.
321 745 384 822 ipse
412 743 510 803 affert:
543 745 575 803 in
607 759 664 820 quo
696 740 839 821 pectorali
865 740 992 820 plurima
1021 741 1114 802 fuisse

102 833 246 892 foramina
278 829 363 892 sacile
395 830 584 909 intellegitur.
634 832 693 890 iam
725 847 793 890 cum
823 847 878 908 per
909 828 984 889 caeli
1015 829 1113 890 caulas

103 938 190 981 omne
227 938 321 999 genus
357 918 503 980 elementa
538 921 650 978 intrare
685 919 814 998 possint,
847 919 935 977 etiam
972 935 1006 978 ea
1038 935 1114 996 quae

102 1008 222 1069 morbos
250 1009 380 1068 excitent
406 1024 494 1086 posse
517 1008 618 1066 venire
641 1023 764 1066 neeesse
788 1012 847 1085 est,
869 1004 905 1065 cf.
929 1002 1114 1085 ooo-659,

102 1104 190 1175 atque
212 1095 359 1175 pestilitas
383 1095 452 1155 inde
475 1101 539 1155 orta
562 1095 748 1155 extrinsecus
771 1111 899 1171 superne
921 1111 976 1173 per
999 1092 1114 1154 caelum

104 1187 136 1244 in
165 1182 294 1262 aliquem
317 1182 414 1243 locum
437 1185 518 1242 venit
542 1175 672 1265 (1089),
695 1180 766 1241 alias
790 1199 806 1241 e
829 1188 910 1241 terra
932 1183 996 1260 ipsa
1019 1183 1115 1242 oritur

104 1263 318 1354 (1091sqq.),
346 1277 410 1329 orta
436 1272 468 1330 in
495 1268 566 1329 alias
593 1276 689 1329 terras
717 1268 871 1330 advehitur
899 1261 1001 1352 (1132
1025 1263 1113 1353 sqq.)

103 1359 151 1419 bic
179 1360 271 1436 igitur
293 1355 450 1418 Lucretius
476 1359 606 1436 primum
634 1356 770 1417 docuisse
797 1356 911 1417 caelum
935 1375 1001 1418 esse
1023 1374 1113 1437 pene-

103 1445 209 1506 trabile
233 1444 367 1506 videmus
392 1444 623 1523 morborumque
646 1447 705 1505 vim
728 1444 835 1524 perid
858 1447 983 1525 intrare,
1006 1444 1113 1506 deinde

103 1533 139 1594 de
172 1533 284 1594 morbis
315 1535 347 1593 in
380 1540 460 1594 certa
493 1532 617 1612 quadam
649 1541 729 1593 terra
759 1539 899 1611 certoque
927 1532 1008 1594 eaelo
1036 1537 1114 1594 natis

103 1622 248 1704 loquitur,
276 1640 350 1701 (prae
377 1623 409 1683 in
437 1620 516 1683 aliud
543 1620 658 1682 caelum
685 1619 815 1700 aliasque
843 1628 938 1681 terras
966 1621 1113 1682 facessere

103 1714 228 1791 possint,
246 1729 301 1790 per
322 1712 399 1770 aeris
423 1709 538 1771 seilicet
559 1707 758 1770 intervallum:
781 1708 854 1781 baec
877 1711 975 1769 omnia
993 1709 1055 1770 vult
1078 1728 1114 1770 eo

103 1800 168 1876 fieri
185 1817 283 1879 posse,
301 1798 379 1877 quod
399 1798 441 1858 nil
460 1801 499 1858 sit
516 1795 581 1860 odsi
597 1813 708 1859 radoan
725 1813 848 1876 corpore
863 1812 986 1878 necnon,
1004 1816 1030 1858 r.
1045 1799 1113 1858 inlr.

103 1889 162 1946 iam
180 1886 270 1946 verba
288 1893 392 1964 poetae
412 1889 469 1946 etsi
493 1889 533 1946 ita
555 1893 589 1947 ut
611 1885 654 1946 nil
677 1887 788 1946 erroris
811 1884 996 1964 relinquatur
1019 1890 1114 1965 recipi

103 1991 163 2033 non
195 1981 334 2053 possunt,
360 1973 433 2034 baec
466 1980 564 2034 tamen
597 1991 672 2078 quae
705 1972 848 2034 subiciam
879 1990 949 2034 vero
979 1976 1114 2053 proxima

103 2069 185 2143 puto,
200 2063 260 2121 nisi
275 2060 352 2139 quod
368 2060 404 2120 de
418 2078 506 2121 versu
521 2080 609 2140 quem
627 2065 691 2141 ipse
711 2062 769 2122 ieci
787 2060 824 2122 ad
842 2060 976 2122 lacunam
994 2062 1114 2141 explen-

104 2150 171 2209 dam
189 2147 264 2208 nibil
282 2147 426 2226 spondeo.
448 2146 589 2211 morbido
606 2148 710 2228 easque
726 2144 822 2211 simul
844 2142 889 2232 (i)
912 2167 982 2212 eum
999 2148 1114 2212 cedrio

102 2252 188 2300 secus
202 2232 439 2298 111801ααί0-
453 2235 552 2297 malim
566 2234 811 2300 inmundissi—
770 2235 905 2316 —<per
918 2234 1044 2319 coelum,
1060 2241 1117 2301 ont

103 2342 173 2387 etun
188 2320 344 2405 pestilitas
365 2320 415 2386 ln'e
436 2339 525 2403 saepe
546 2323 686 2406 nocenti>
709 2342 730 2387 e
752 2327 929 2404 tempestate
951 2327 999 2388 tot
1018 2321 1064 2411 (B.
1087 2331 1117 2389 et

104 2414 308 2493 tenunstotem
321 2405 395 2495 00.)
412 2407 493 2474 coelo
507 2414 646 2492 meaque
663 2414 800 2490 contest,
813 2412 850 2474 in
867 2409 985 2476 coelom
1002 2416 1115 2478 terras-

103 2518 159 2580 que
185 2502 328 2564 ennoias
353 2497 428 2563 inre
454 2494 599 2583 (remotae
624 2500 684 2573 00.
706 2499 796 2563 inrue
818 2500 876 2574 00.
898 2499 967 2564 inre
989 2502 1014 2563 0
1037 2522 1114 2564 corr.

103 2590 139 2650 ol.
158 2587 185 2648 ll
205 2581 306 2672 1138)
322 2585 461 2668 secessit:
471 2636 477 2648 .
489 2636 495 2649 .
507 2636 513 2649 .
527 2591 643 2652 coercet.
662 2590 692 2651 et
710 2590 881 2669 tempestme
897 2587 933 2651 o‘n
948 2638 954 2651 .
970 2637 976 2651 .
992 2594 1115 2654 coorta

103 2675 138 2738 t'n
156 2673 274 2739 ceeleun
288 2725 295 2737 .
310 2724 316 2738 .
332 2723 339 2737 .
357 2677 489 2739 rmnotne
505 2675 579 2738 tono
589 2675 748 2757 facessunt
758 2677 831 2759 Lm,
849 2697 923 2757 quae
937 2681 1013 2740 mire
1028 2699 1115 2741 exco-

103 2768 194 2843 gitata
212 2768 287 2826 mire
306 2767 526 2844 interpretatur.
559 2767 696 2845 mortosl,
715 2813 766 2826 ...
784 2767 916 2828 reowlos
932 2764 1002 2829 tone
1016 2765 1115 2847 faces-

102 2854 177 2915 sunt
188 2853 350 2933 Benaysius
365 2852 477 2935 scribit,
498 2856 550 2932 qui
563 2872 623 2914 non
637 2855 766 2914 senserit
778 2872 910 2933 pugnare
925 2857 1003 2915 inter
1018 2874 1049 2917 se
1064 2874 1115 2920 en-

103 2939 251 3004 trinsecus
259 2938 441 3003 insinuator
450 2948 480 3002 et
487 2938 523 3003 to
532 2943 615 3004 bron
626 2937 764 3021 coeloque
773 2943 909 3004 contest.
928 2961 987 3003 non
998 2947 1115 3006 saniora

103 3037 173 3091 sunt
194 3030 348 3091 Munronis
372 3028 458 3097 haec:
485 3033 601 3092 coercet.
624 3031 664 3106 et,
687 3031 860 3109 momentote
880 3028 916 3092 in
1014 3035 1117 3095 coorto

102 3115 244 3180 morbido
256 3115 361 3197 vespe
370 3165 377 3178 .
386 3164 393 3178 .
401 3164 408 3178 .
417 3115 606 3198 insinnetur,
619 3116 672 3179 in.
683 3164 689 3176 .
700 3120 849 3182 ,renone
863 3115 938 3180 iura
947 3117 1114 3198 fecessunt.

105 3223 121 3266 e
144 3213 299 3267 comment
324 3205 416 3266 altero
442 3205 575 3267 videmus
599 3223 666 3267 eum
689 3204 779 3267 latine
801 3206 862 3268 diei
883 3224 971 3288 posse
994 3216 1115 3288 putasse

103 3290 290 3373 ‘tempestate
314 3301 413 3354 coorta
437 3289 552 3372 visque'
575 3312 630 3374 pro
652 3311 688 3355 eo
707 3293 786 3373 quod
804 3312 870 3355 esse
890 3294 1016 3357 debebat
1035 3292 1116 3358 ‘cum

102 3389 262 3462 tempestas
281 3389 411 3443 coortast
431 3389 460 3442 et
474 3376 530 3442 vis'
549 3385 610 3443 sive
629 3379 767 3461 ‘cumque
786 3378 851 3444 vis'.
870 3417 912 3426 -
932 3380 995 3446 951
1011 3381 1060 3447 nil
1072 3388 1118 3448 est

101 3468 167 3533 etsi
191 3486 321 3533 rorum
347 3486 475 3549 corpore
496 3487 621 3532 mcum:
652 3487 727 3532 roro
754 3487 877 3550 coepere
905 3488 1020 3534 neema
1047 3473 1116 3556 OQ,

103 3559 180 3638 quod
205 3558 366 3621 absurdum
390 3565 444 3639 est,
467 3559 519 3619 sed
543 3559 622 3639 quod
640 3556 844 3620 Lachmannus
868 3562 988 3639 scripsit
1009 3580 1025 3622 a
1043 3561 1115 3624 Ber·

100 3649 204 3726 naysio
237 3655 267 3710 et
293 3644 436 3708 Munrone
463 3647 620 3726 probatum
645 3663 720 3709 roro
747 3645 875 3727 eorpooi’
901 3664 983 3710 nexu
1009 3667 1116 3711 vereor
