2438 3998
585 265 612 318 Π
1055 264 1099 328 39

120 367 255 489 (quare
278 411 368 471 etiam
391 417 479 488 atque
502 413 591 471 etiam
613 411 734 490 paulum
755 411 898 473 inclinare
921 420 1073 474 necessest

164 516 300 578 corpora3
328 516 384 558 nec
405 497 472 578 plus
496 517 584 577 quam
609 501 779 581 minimum,
806 519 844 561 ne
867 502 978 580 fingere
1000 508 1099 562 motus

93 593 145 642 245
164 586 299 665 obliquos
322 586 475 648 videamur
497 595 528 647 et
550 586 580 647 id
603 605 651 647 res
674 605 743 648 vera
765 589 882 650 refutet.
915 616 917 621 ·

164 693 290 753 namque
313 673 370 735 hoc
392 676 423 734 in
447 683 585 754 promptu
604 676 853 756 manifestumque
872 695 938 738 esse
955 677 1100 756 videmus,

163 763 307 843 pondera,
334 770 476 842 quantum
501 765 629 844 ineest,
656 782 826 843 nonposse
850 764 967 844 obliqua
989 783 1100 869 meare,

165 871 201 911 ex
225 869 333 930 supero
357 869 424 911 cum
445 854 653 932 praecipitant,
676 851 753 956 quod
777 870 899 914 cernere
921 855 1032 987 possis.
1012 874 1205 986 ΛΜ

165 941 217 1001 sed
240 939 283 1001 nil
305 942 425 1002 omnino
446 941 529 1001 recto
439 942 709 1043 Μςϊνειςίρῃθ
693 942 752 1024 viai
1012 971 1203 1050 Μ’(

92 1037 126 1086 25
164 1028 312 1090 declinare
336 1030 403 1107 quis
426 1035 472 1088 est
439 1002 621 1114 quippos
656 1035 669 1088 t
690 1047 814 1089 cernere
838 1018 982 1093 sesew
1109 1054 1152 1081 x·
1204 1022 1208 1030 ’

206 1116 340 1196 lienique
365 1118 391 1176 si
413 1134 531 1194 semper
553 1047 1065 1220 motuzffitffiffi

164 1212 194 1266 et
216 1212 315 1266 vetere
339 1206 471 1264 exoritur
492 1219 610 1283 semper
631 1222 724 1266 novus
748 1204 851 1265 ordine
875 1213 970 1287 certo,
1030 1188 1065 1251 ‘f
1163 1179 1180 1253 f
1200 1215 1207 1229 '

164 1313 219 1354 nec
242 1292 415 1354 declinando
438 1292 549 1353 faciunt
569 1293 731 1371 primordia
753 1300 850 1354 motus
1131 1345 1134 1351 .

163 1383 343 1462 principium
367 1379 526 1461 quoddam,
550 1379 628 1460 quod
650 1382 703 1442 fati
724 1381 844 1442 foedera
866 1388 1017 1484 rumpat4
1196 1417 1198 1428 ›

92 1475 145 1526 255
164 1490 200 1530 ex
223 1471 339 1530 infinito
362 1486 400 1530 ne
424 1486 541 1529 oausam
564 1487 651 1531 causa
674 1477 827 1551 sequatur,
1021 1406 1123 1533 'fl‘
1102 1480 1179 1575 »2102

163 1558 256 1620 libera
278 1576 333 1637 per
354 1564 451 1618 terras
473 1557 551 1618 unde
572 1557 646 1618 haec
668 1560 799 1619 animant
786 1558 866 1619 tibus
889 1563 996 1639 exstat,

163 1647 272 1708 undeet
294 1646 409 1726 haec,
401 1663 534 1726 mquam,
556 1646 606 1706 fat
585 1653 624 1706 trs
641 1646 743 1706 avolsa
765 1653 909 1726 potestaS,

163 1754 217 1815 per
240 1752 328 1814 quam
349 1733 557 1813 progredimur
579 1752 637 1813 quo
660 1734 742 1794 dnoit
757 1751 910 1813 quemque
932 1732 1080 1816 voluntas,

164 1823 345 1885 declinamus
368 1825 439 1882 item
462 1830 559 1882 motus
582 1840 637 1882 nec
659 1829 792 1902 tempore
816 1829 896 1882 certo

92 1920 145 1970 260
163 1931 218 1974 uec
241 1913 361 1989 regione
385 1909 442 1970 loci
465 1917 558 1991 certa,
581 1909 633 1970 sed
655 1909 708 1970 ubi
730 1913 793 1989 ipsa
816 1909 883 1970 tulit
905 1906 1011 1971 meus?

164 2019 232 2062 nam
255 1998 345 2060 dubio
367 1996 471 2078 procul
492 1998 539 2058 his
562 1997 651 2059 rebus
674 2016 727 2059 sua
750 2000 856 2077 cuique
879 1998 1012 2077 voluntas

163 2090 343 2169 principium
370 2087 431 2166 dat,
460 2094 490 2146 et
511 2086 581 2146 hinc
602 2092 701 2148 motus
723 2104 777 2166 per
799 2086 931 2148 membra
953 2089 1094 2165 rigantur.

165 2195 262 2237 nonne
284 2176 367 2236 vides
390 2177 479 2236 etiam
501 2175 656 2254 patefactis
677 2183 811 2254 tempore
833 2182 943 2254 puncto

164 2263 333 2325 carceribus
355 2281 416 2323 non
437 2281 526 2342 posse
547 2271 646 2324 tamen
668 2282 862 2343 prorumpere
884 2281 1029 2343 equorum

93 2362 145 2410 265
163 2356 223 2414 vim
246 2351 383 2431 cupidam
405 2359 465 2412 tam
488 2352 525 2412 de
548 2351 645 2412 subito
669 2371 756 2431 quam
779 2370 863 2412 mens
886 2358 952 2412 avet
974 2348 1059 2430 ipsa?

165 2443 260 2501 omnis
284 2441 377 2521 enim,
400 2446 494 2501 totum
516 2458 571 2519 per
594 2459 713 2521 corpus,
736 2442 870 2500 materiai

164 2532 247 2610 copia
269 2530 382 2590 conciri
405 2527 505 2608 debet,
528 2531 642 2590 concita
664 2547 718 2608 per
741 2535 822 2589 artus

165 2619 261 2679 omnis
282 2625 317 2679 ut
339 2615 470 2677 studium
492 2620 600 2677 mentis
623 2635 733 2677 conexa
756 2623 909 2698 sequatur3

163 2714 197 2768 ut
218 2706 318 2766 rideas
341 2707 447 2766 initum
469 2711 567 2765 motus
589 2723 606 2765 a
628 2705 716 2765 corde
740 2707 835 2765 creari

92 2803 146 2852 270
164 2791 201 2856 ex
224 2795 373 2873 animique
395 2791 538 2853 voluntati
559 2793 720 2873 procedere
742 2795 885 2874 primum,

102 2882 919 2961 Ἰὴιὼὼήωμνῐοῑιιωοωριιεθῐθηυε.

164 2989 219 3032 nec
242 2969 367 3030 similest
388 2976 422 3030 ut
444 2987 512 3030 cum
534 2969 654 3048 impulsi
675 2970 864 3049 procedimus
885 2973 961 3051 ictu,

163 3058 277 3120 viribus
302 3058 423 3119 alterius
445 3060 560 3137 magnis
583 3077 745 3138 magnoque
769 3065 885 3139 coactu3

163 3165 231 3208 nam
253 3155 317 3208 tum
339 3148 492 3208 materiem
515 3149 606 3208 totius
629 3149 762 3226 corporis
785 3164 903 3207 omnem

93 3245 144 3292 aaa
163 3237 382 3316 perspicuumst
404 3235 490 3296 nohis
512 3238 613 3296 invitis
635 3238 680 3296 ire
703 3237 840 3316 rapique,

164 3325 257 3384 donec
280 3341 344 3385 eam
366 3324 524 3385 refrenavit
547 3343 601 3403 per
623 3323 755 3384 membra
778 3323 920 3384 voluntas.

162 3415 260 3474 iamne
282 3412 365 3473 vides
388 3415 490 3494 igitur,
513 3427 690 3490 quamquam
713 3414 757 3471 vis
779 3419 880 3473 extera
902 3410 1011 3472 multos

161 3500 251 3580 pellat
273 3509 303 3562 et
325 3503 432 3561 invitos
455 3507 540 3579 cogat
561 3500 723 3579 procedere
747 3518 834 3581 saepe

162 3591 398 3669 praecipitesque
421 3590 498 3668 rapi,
516 3595 618 3674 tamen
643 3607 708 3648 esse
731 3590 762 3648 in
785 3595 905 3668 pectore
928 3595 1030 3649 nostro
