2438 3998
403 209 684 269 PROLEGOMENA.
979 214 1052 270 XLV

41 353 178 419 ruamus
196 375 213 414 *
231 353 370 419 serosibus
391 356 593 441 essedarium,
615 360 686 421 ibid.
710 360 772 422 dixi
794 379 882 440 posse
906 361 1051 423 excidisse

37 443 179 508 555553
193 442 312 524 <oeulis
324 443 447 525 differri
458 444 581 526 rapidis
593 445 905 529 uestrisqueoeucuo>
914 447 1052 512 scusalrus

34 550 100 597 csse
124 531 242 614 (75555
265 533 302 594 de
324 533 381 594 hoc
403 532 510 596 dutum
531 543 631 598 tamen
650 537 833 599 addubitans.
855 571 893 581 —
912 535 1051 600 scostlrus

29 621 181 686 sedatum
198 621 256 692 00.
279 625 457 684 amaneus
476 621 615 701 serosalm’,
637 624 692 688 sed
706 643 817 687 uocum
834 626 896 687 Lm.
909 623 1051 689 uidemus

28 707 138 775 oenus
166 726 229 772 esse
255 707 362 772 (755555
387 709 419 771 Β.
447 744 489 754 -
517 720 583 773 ante
611 732 636 773 v.
663 710 729 778 478
757 714 841 793 plura
868 714 1051 796 exciderunt,

28 801 64 860 id
91 797 177 878 quod
196 797 268 859 illud
285 814 411 860 rcusuuu
429 818 454 860 v.
472 796 537 862 481
558 800 694 863 declarat.
735 802 878 863 docuerat
893 802 944 864 hic
963 810 1050 882 poeta

26 906 99 949 non
129 885 313 966 quantalibet
339 887 541 964 magnitudine
568 896 682 950 atomos
705 907 771 950 esse
793 908 895 971 posse,
923 891 959 952 cl.
983 909 1050 953 ann.

26 978 160 1040 Lucret.
172 975 257 1040 1879
271 998 299 1058 p.
309 977 383 1041 202.
393 1015 437 1022 -
450 976 515 1040 483
531 1026 554 1040 ..
567 977 618 1040 ,55
629 977 735 1042 eudem
747 998 812 1041 555
823 979 1052 1045 ouiusoistauro

26 1065 199 1146 brevitudo,
227 1085 292 1127 aun.
315 1068 414 1148 philol.
441 1064 525 1129 1875
548 1087 577 1146 p.
596 1064 660 1129 629
682 1086 758 1146 sqq.:
856 1067 991 1130 cuiusuis
1016 1069 1052 1133 e'u

28 1153 188 1218 brevitudo
214 1153 273 1226 00.
299 1154 405 1217 eodem
430 1154 525 1218 uuius
551 1152 685 1217 cuiusuis
710 1153 745 1217 a'u
772 1152 915 1218 5555555
937 1156 999 1218 Lm.
1019 1159 1051 1219 Β.

28 1243 73 1305 55
99 1241 215 1322 eodem,
239 1261 305 1304 555
403 1243 437 1304 o'u
459 1242 613 1318 1555555,
636 1243 688 1304 lllr.
711 1262 859 1322 perverse.
881 1279 922 1288 -
945 1242 1010 1306 499
1034 1265 1051 1304 *

29 1326 219 1393 500-501
236 1332 370 1407 caesetio
378 1331 473 1392 ka.
483 1331 565 1392 Bkm.
580 1333 655 1393 tecto
664 1331 722 1402 OQ.
736 1334 819 1395 locta
828 1332 889 1393 Lm.
899 1334 931 1394 Β.
940 1334 993 1395 llr.
1008 1368 1051 1377 -

31 1417 108 1481 502
122 1419 254 1498 Append.
270 1454 310 1461 -
326 1415 389 1481 517
406 1421 528 1482 cuuis
546 1418 628 1482 euim
644 1417 727 1481 color
799 1420 857 1492 00.
871 1420 969 1484 Purm.
984 1441 1050 1483 ann.
1080 1418 1083 1423 ’

32 1507 142 1588 philol.
158 1506 258 1568 LXVII
270 1527 298 1587 p.
313 1506 386 1570 673.
406 1509 519 1569 Susem.
532 1509 632 1590 philol.
646 1510 737 1571 XXIV
749 1508 828 1574 448:
842 1508 1008 1573 55555151.
1016 1511 1047 1572 Β.

34 1632 82 1640 -
104 1593 171 1659 518
191 1594 415 1675 indemnesque
437 1598 472 1657 cl.
491 1617 519 1676 p.
532 1597 630 1658 XXIV.
650 1632 691 1641 —
711 1596 776 1662 528
795 1618 812 1656 a
831 1596 896 1660 529
914 1596 1050 1661 veraedos

33 1685 185 1765 osteudc‘3
198 1687 230 1744 in
245 1702 279 1744 eo
292 1702 380 1745 versu
394 1687 445 1764 qui
454 1688 551 1766 periit,
566 1732 608 1746 ...
623 1703 692 1747 cum
706 1689 849 1764 scriptum
863 1686 954 1747 luisse
964 1694 1049 1765 puto:

31 1770 182 1852 probaui,
210 1789 278 1834 555
392 1770 520 1848 ostendi,
553 1773 588 1832 cl.
616 1773 629 1833 l
657 1770 1050 1836 1008÷1o452uersuus

36 1859 200 1924 ostendum
220 1859 278 1931 OQ.
294 1858 440 1940 protomus
458 1859 614 1923 ostendum
631 1860 693 1922 Lm.
708 1882 725 1919 s
740 1858 877 1924 vorstius
893 1859 1050 1924 astrudem

39 1949 75 2010 B.
99 1948 277 2029 prudentius
299 1949 361 2030 lin,
385 1952 437 2027 qui
459 1968 526 2010 cum
546 1949 661 2011 videret
681 1949 711 2010 id
730 1952 762 2010 in
785 1952 828 2012 eis
851 1969 925 2029 quae
945 1969 1049 2029 seque·

42 2046 150 2098 rentur
185 2055 371 2116 nequaquam
406 2038 523 2099 ostendi
559 2056 634 2116 quae
665 2039 728 2100 lore
760 2047 793 2100 ut
825 2039 1051 2100 ostenderentur

41 2126 223 2205 legeremus,
258 2123 416 2188 osteudens
451 2128 583 2205 scripsit,
618 2145 724 2205 parum
759 2134 857 2189 tamen
893 2126 1050 2207 eleganter.

44 2248 88 2255 -
106 2210 170 2276 547
193 2215 372 2276 sumuntur
393 2214 457 2276 uto
473 2214 583 2295 erm.;
605 2214 711 2293 prohat
729 2214 903 2277 Giussanus:
926 2232 1052 2277 55555.

43 2298 124 2364 oculo'
147 2300 205 2372 00.
232 2299 262 2363 si
287 2298 469 2364 mausueta
495 2302 557 2363 Lm.
580 2301 612 2362 Β.
639 2319 762 2365 sumum
788 2301 843 2365 leoc
868 2320 983 2382 quoque
1004 2300 1052 2365 ult'

41 2390 97 2450 ΜΓ.
121 2422 163 2432 -
187 2385 253 2451 580
272 2386 416 2468 ploratus
441 2389 549 2452 mortis
571 2388 692 2453 comites
713 2390 766 2452 ΜΓ.
783 2388 938 2471 ploratus,
965 2409 1005 2451 ue.
1027 2409 1050 2452 c.

45 2477 140 2556 vulgo.
155 2511 197 2520 —
213 2475 275 2540 631
294 2476 446 2557 sanquine
464 2477 552 2542 laeti
570 2498 637 2540 oum
651 2479 774 2540 Marullo
793 2480 890 2540 scribo
908 2478 1051 2559 probante

45 2564 204 2626 Giussano:
222 2565 373 2645 scopulus
389 2564 454 2645 fleti
468 2566 527 2638 00.
541 2563 769 2647 seupuiuoleulo'
781 2567 874 2629 Bentl.
884 2566 947 2628 Lm.
956 2566 988 2628 Β.
998 2567 1051 2628 ΜΡ.

46 2687 88 2696 -
109 2650 183 2716 651.
207 2651 390 2717 655-660.
416 2652 479 2716 652
503 2658 621 2734 egregie
643 2655 756 2716 llunro
781 2689 823 2699 -
847 2653 911 2719 673
934 2656 1053 2719 detaut

45 2740 120 2802 Lm:
149 2740 313 2804 uoduutuu
339 2741 398 2813 00.
426 2739 553 2805 cludunt
576 2742 608 2803 Β.
636 2778 678 2787 -
707 2740 772 2806 680
803 2761 872 2805 cum
898 2742 987 2806 odore
1017 2741 1053 2805 iu

39 2827 168 2910 555553,
198 2827 361 2910 pluraque
397 2829 479 2892 douo
515 2831 604 2893 Goeb.
641 2831 754 2892 observ.
791 2830 906 2893 Lucret.
939 2852 967 2911 p.
998 2828 1052 2894 15:

46 2915 214 2997 inprimis
234 2915 383 2999 pleraque
405 2917 463 2990 OQ.
495 2917 530 2980 a'u
551 2917 655 2998 prinis
681 2919 824 2999 pluraque
847 2919 909 2980 Lm.
932 2919 969 2980 lu
984 2919 1053 2999 pri·

46 3004 118 3082 ruis,
139 3003 288 3086 pleraque
310 3005 393 3069 douo
411 3027 427 3064 s
445 3007 477 3067 Β.
497 3041 538 3050 -
562 3004 628 3070 684
643 3005 772 3087 plumos
794 3006 920 3087 differre
942 3005 1053 3087 securis

47 3092 103 3164 00.
127 3094 180 3155 lllr.
208 3096 244 3155 cl.
272 3095 372 3174 philol.
395 3095 473 3155 XXV
495 3093 536 3158 67
561 3114 618 3174 sep:
639 3092 743 3175 prices
766 3095 847 3156 Voss.
869 3095 932 3156 Lm.
955 3094 986 3156 Β.
1009 3131 1054 3140 -

47 3179 109 3243 692
128 3179 223 3245 uulua
241 3181 299 3254 00.
318 3182 417 3243 Lamh.
438 3182 517 3244 Lotz.
536 3183 635 3262 philol
651 3183 702 3246 Vll
721 3182 793 3246 719.
831 3184 922 3246 Goeb.
940 3192 1053 3264 quaest

47 3288 72 3348 p.
102 3267 151 3331 11.
202 3268 287 3334 nulli
318 3271 380 3332 Lm.
408 3270 439 3332 B.
463 3319 470 3332 .
490 3319 496 3332 .
516 3319 523 3332 .
546 3269 648 3334 isdem
678 3270 748 3333 Pius
777 3271 866 3334 Goeb.
894 3272 973 3334 Lotz.
999 3273 1053 3334 ΜΓ.

46 3355 125 3420 Mem
148 3358 206 3430 00.
229 3358 291 3420 Lm.
314 3358 346 3420 B.
369 3393 413 3404 -
436 3356 500 3422 693
528 3361 674 3424 coustant
694 3379 720 3422 u.
741 3364 776 3425 ad
791 3362 865 3426 337.
880 3398 921 3407 -
937 3360 1053 3425 695...

42 3445 228 3525 numeralia,
251 3463 367 3511 eorum
389 3444 537 3510 dissimili
632 3465 768 3529 summm
791 3467 829 3511 ne
855 3451 922 3528 quis
945 3452 977 3509 in
999 3448 1054 3508 hoc

47 3539 218 3612 pronomine
236 3539 332 3615 primo
352 3539 498 3598 enuntiati
516 3536 580 3597 loco
599 3540 696 3617 posito
715 3536 853 3617 ollendat,
872 3538 907 3597 ol.
925 3535 962 3597 lv
976 3533 1053 3599 822:
