2438 3998
129 202 173 268 88
615 200 655 255 111

175 348 275 415 ,adde
298 347 377 426 quod
395 349 427 406 in
450 348 550 424 nigras
573 345 700 425 lethargi
721 347 866 423 mergitur
887 345 991 406 undas.

245 434 294 496 Nil
316 437 408 513 igitur
430 452 511 494 mors
531 434 630 494 estad
650 452 703 494 nos
722 451 819 512 neque
838 435 968 512 pertinet
985 431 1088 514 hilum,
1102 456 1144 497 888

202 522 441 602 quondoquidem
463 528 569 583 natura
593 524 683 583 animi
705 521 839 582 mortalis
861 519 995 582 habetur.
1056 544 1060 548 ’

130 609 425 678 83888881818818
448 617 513 670 acto
536 608 579 670 nil
601 617 735 688 tempore
760 611 907 670 sensimus
930 611 1026 690 aegri,

130 698 238 765 seond
261 698 480 777 confligendum
501 698 689 759 venientibus
712 698 843 776 undique
866 696 988 778 Poenis,

202 788 300 846 omnia
323 805 391 848 cnm
412 785 484 846 belli
506 786 623 865 trepido
647 803 791 846 concussa
814 784 943 845 tumultu

201 874 322 934 horrida
345 880 551 934 contremuere
574 872 629 934 suh
653 873 720 934 altis
743 871 872 933 aetheris
896 875 969 952 oris,
1102 894 1145 936 888

203 964 235 1021 18
257 961 406 1040 dubioque
430 962 513 1022 lucre
536 969 671 1022 utrorum
694 961 731 1021 ad
754 978 845 1038 regna
869 959 1034 1021 cadendum

131 1065 188 1116 835
202 1049 339 1110 omnibus
361 1050 500 1109 humanis
523 1055 603 1110 esset
624 1057 762 1127 terraque
783 1049 931 1128 marique,

131 1154 183 1203 888
204 1139 261 1219 sic,
283 1136 336 1197 ubi
358 1154 418 1196 non
441 1139 566 1216 erimus,
589 1154 657 1197 cum
680 1137 813 1215 corporis
836 1143 924 1214 atque
947 1137 1057 1196 animai

204 1225 363 1285 discidium
385 1223 489 1304 inerit,
513 1223 620 1302 quihus
644 1242 660 1284 e
684 1241 786 1284 sumus
808 1226 909 1284 uniter
931 1225 1005 1304 apti,

204 1311 327 1392 scilicet,
349 1311 428 1372 haud
446 1310 532 1371 nohis
552 1313 719 1392 quicquam,
738 1313 790 1390 qui
808 1329 868 1371 non
886 1313 998 1371 erimus
1016 1317 1089 1392 tum,
1104 1333 1145 1374 tto

205 1400 339 1460 accidere
364 1401 483 1459 omnino
506 1401 617 1479 poterit
640 1417 819 1478 sensumque
842 1416 974 1479 movere,

131 1503 189 1554 340
205 1505 265 1547 non
288 1489 315 1546 si
336 1494 416 1547 terra
438 1489 514 1546 mari
536 1486 711 1547 miscebitur
732 1494 763 1547 et
784 1504 865 1546 marc
889 1486 979 1547 caelo.

24 1595 27 1599 ’
132 1591 186 1641 848
204 1569 213 1659 ll
227 1582 257 1635 et
280 1577 307 1635 si
329 1577 388 1634 iam
410 1582 512 1635 nostro
535 1577 627 1635 sentit
649 1575 685 1635 de
709 1592 833 1654 corpore
856 1582 1013 1653 postquam

205 1663 375 1724 distractast
397 1665 490 1723 animi
512 1669 616 1724 natura
639 1665 812 1741 animaeque
834 1670 980 1743 potestas,

204 1751 248 1811 nil
269 1757 370 1812 tamen
392 1757 438 1812 est
460 1751 496 1811 ad
519 1768 588 1831 nos,
610 1753 662 1830 qui
683 1758 804 1828 comptu
827 1752 1023 1828 coniugioque
1105 1773 1146 1814 848

206 1841 340 1918 corporis
363 1849 450 1918 atque
473 1840 587 1899 animae
606 1839 796 1900 consistimus
818 1840 919 1898 uniter
942 1841 1011 1917 apti.
1060 1863 1063 1866 ⁴

133 1940 190 1994 845
206 1945 275 2007 nec,
300 1929 327 1987 si
349 1929 503 1987 materiem
526 1934 657 1987 nostram
679 1924 832 2003 collegerit
853 1934 933 1986 aetas

134 2029 188 2080 848
205 2021 274 2094 post
296 2012 410 2074 obitum
432 2032 610 2091 rursumque
633 2013 783 2091 redegerit
804 2021 839 2074 ut
860 2016 916 2074 sita
939 2032 1020 2090 nunc
1041 2021 1101 2094 est,

207 2109 294 2181 atque
317 2103 427 2161 iterum
449 2100 535 2161 nohis
558 2101 669 2160 inerint
691 2101 758 2161 data
780 2101 1003 2182 luminaritae,
1060 2144 1062 2146 ψ
1129 2168 1132 2172 Α

205 2191 354 2269 pertineat
371 2190 529 2267 quicquam
546 2194 646 2248 tamen
664 2187 700 2248 ad
718 2206 773 2248 nos
789 2186 822 2249 id
841 2206 958 2268 quoque
972 2190 1147 2271 1881888888

206 2279 372 2354 interrupta
396 2275 488 2335 semel
510 2293 578 2335 cum
602 2277 641 2335 sit
663 2279 827 2354 repetentia
850 2279 954 2337 nostri.
1125 2293 1142 2299 ’·

134 2380 192 2432 850
206 2372 236 2425 et
258 2381 337 2423 nunc
360 2362 403 2422 nil
425 2363 461 2424 ad
485 2381 539 2422 nos
562 2361 600 2422 de
622 2362 709 2423 nohis
732 2367 850 2445 attinet,
874 2371 941 2425 ante

135 2467 189 2518 888
208 2453 259 2530 qui
282 2452 404 2531 luimus,
426 2467 522 2529 neque
544 2452 602 2510 iam
626 2450 662 2511 de
685 2450 744 2510 illis
767 2469 822 2512 nos
845 2452 945 2513 adlicit
967 2470 1067 2531 angor.

206 2557 275 2599 nam
298 2556 366 2598 cum
388 2540 532 2617 respicias
554 2540 684 2599 inmensi
705 2541 848 2618 temporis
872 2558 957 2601 omne

206 2627 400 2706 praeteritum
422 2628 564 2707 spatium,
586 2633 650 2687 tum
672 2633 770 2687 motus
793 2629 929 2689 materiai
1107 2650 1149 2691 osa

207 2713 389 2774 multimodis
412 2732 500 2792 quam
523 2717 596 2795 sint,
618 2712 705 2775 focile
728 2714 784 2775 hoc
807 2715 966 2776 adcredere
989 2718 1100 2797 possis,

26 2842 42 2877 .,
136 2815 193 2868 ⁸55
208 2803 320 2862 semina
344 2820 431 2880 saepe
450 2803 482 2863 in
501 2802 614 2883 eodem,
637 2808 671 2863 ut
688 2820 768 2863 nunc
787 2809 864 2884 sunt,
887 2803 991 2864 ordine
1009 2810 1094 2883 posta
1108 2826 1148 2866 aaa

137 2903 190 2955 888
208 2888 281 2950 haec
299 2889 412 2970 cadem,
434 2889 541 2969 quibus
560 2909 577 2951 e
595 2908 675 2951 nnnc
693 2908 749 2950 888
768 2909 879 2971 sumus,
902 2897 970 2951 ante
988 2891 1094 2952 fuisse:
1108 2913 1150 2954 888

207 2995 263 3038 888
285 2980 411 3038 memori
432 2984 532 3038 tamen
554 2978 585 3038 id
608 2981 727 3057 quimus
745 2977 963 3057 reprehendere
982 2985 1150 3042 mentetua

207 3066 287 3128 inter
309 3068 389 3126 enim
411 3067 518 3125 iectast
539 3067 610 3125 vitai
632 3084 736 3146 pausa,
758 3084 889 3146 vageque

32 3215 34 3219 ,
208 3153 385 3214 deerrarunt
406 3155 518 3231 passim
540 3160 639 3212 motus
663 3151 699 3213 ab
723 3153 860 3214 sensibus
884 3149 1025 3234 omnesfl
1110 3176 1151 3217 888

35 3243 37 3247 '
137 3256 195 3308 860
209 3238 305 3300 debet
320 3241 413 3320 enim,
435 3236 545 3299 misere
569 3241 597 3298 si
619 3240 694 3317 sorte
717 3257 865 3320 aegreque
889 3241 1064 3323 futurumst,

29 3326 38 3405 J
137 3345 191 3396 888
208 3330 274 3406 ipse
292 3326 409 3406 quoque
428 3336 495 3387 'esse
513 3321 546 3386 in
560 3343 595 3386 eo
609 3322 672 3386 tum
686 3333 830 3408 tempore,
847 3330 898 3388 eui
911 3328 988 3389 male
1001 3331 1098 3409 possit
1111 3351 1152 3391 888

195 3413 357 3491 accidere:
380 3412 410 3474 id
435 3414 575 3492 quoniam
588 3431 677 3497 ,mors
701 3416 816 3495 eximit,
840 3433 965 3495 esseque
988 3416 1094 3496 probet

208 3501 292 3563 illum
315 3504 364 3585 cui
386 3503 503 3582 possint
525 3496 710 3562 incommoda
733 3502 899 3584 conciliari,
1111 3526 1154 3566 set
