2438 3998
575 173 589 226 1

148 320 295 398 principio
318 318 503 379 fundamenti
525 325 630 380 natura
653 317 772 379 carebit.

76 415 129 464 575
149 412 219 467 sunt
241 409 332 485 igitur
355 405 448 466 solida
470 406 611 485 pollentia
634 405 837 487 simplicitate,

77 501 133 554 575
150 513 276 574 quorum
299 494 448 555 condenso
471 497 565 573 magis
589 497 687 554 omnia
710 494 869 555 conciliatu

150 584 240 643 artari
262 588 388 661 possunt
409 581 579 661 validasque
602 582 759 642 ostendere
782 584 862 643 viris.
880 580 891 662 ΙΙ

193 669 328 749 lienique
351 672 410 730 iam
434 672 572 749 quoniam
595 672 759 748 generatim
781 671 897 730 reddita
919 671 987 730 finis

79 765 136 818 585
150 759 304 819 crescendi
327 757 416 817 rebus
440 764 555 818 constat
577 760 726 836 vitamque
749 758 883 838 tenendi,
1049 769 1091 810 555

77 853 131 904 500
151 854 181 907 et
204 846 275 925 quid
300 862 433 924 quaeque
457 851 567 924 queant
589 863 643 924 per
666 845 785 905 foedera
808 848 936 925 naturai,

152 934 222 1013 quid
245 951 335 1012 porro
358 940 520 1014 nequeant,
543 936 687 994 sancitum
713 933 952 1012 quandoquidem
974 939 1068 1013 extat,

151 1040 206 1083 nec
230 1027 427 1081 commutatur
450 1024 622 1102 quicquam,
645 1023 717 1100 quin
740 1023 838 1081 omnia
862 1028 998 1081 constent

152 1127 246 1189 usque
270 1109 357 1190 adeo,
379 1110 477 1169 variae
499 1108 634 1170 volucres
658 1111 745 1169 utin
769 1108 871 1168 ordine
896 1115 1019 1168 cunctae

80 1204 137 1256 590
153 1198 309 1258 ostendant
330 1195 461 1257 maculas
484 1196 630 1275 generalis
654 1214 777 1275 corpore
800 1199 913 1278 inesse,
1051 1209 1092 1250 500

80 1292 134 1343 585
153 1284 328 1346 inmutabili
351 1286 492 1344 materiae
516 1303 632 1363 quoque
657 1302 765 1363 corpus
787 1284 896 1344 habere

155 1373 276 1453 dehent,
300 1375 453 1432 nimirum:
477 1390 545 1432 nam
568 1375 595 1432 si
617 1372 779 1451 primordia
801 1390 904 1432 rerum

153 1463 329 1522 commutari
352 1458 449 1538 aliqua
471 1466 594 1538 possent
616 1462 729 1520 ratione
753 1462 875 1540 revicta,

154 1551 300 1609 incertum
324 1566 441 1626 quoque
465 1550 525 1607 iam
547 1555 664 1609 constet
686 1547 756 1627 quid
779 1551 874 1626 possit
897 1550 983 1629 oriri,

80 1643 138 1695 595
154 1636 226 1716 quid
248 1643 388 1716 nequeat,
411 1637 493 1696 finita
516 1642 647 1714 potestas
670 1636 798 1714 denique
821 1638 927 1714 cuique
1052 1647 1092 1688 505

81 1732 135 1782 500
156 1743 282 1804 quanam
305 1726 344 1784 sit
367 1726 482 1784 ratione
505 1730 592 1802 atque
616 1723 674 1783 alte
695 1725 841 1783 terminus
864 1723 1004 1803 haerena,

155 1831 211 1873 nec
233 1814 343 1872 totiens
365 1818 488 1890 possent
510 1813 673 1889 generatim
696 1809 792 1871 saecla
814 1811 928 1870 referre

155 1907 290 1961 naturam
313 1917 411 1959 mores
433 1901 545 1959 victum
566 1905 724 1977 motusque
747 1904 910 1977 pareutum.

198 1988 273 2048 Tum
298 2005 388 2066 porro
412 1989 581 2066 quoniamst
603 1993 767 2047 extremum
791 1987 928 2065 quodque
951 2004 1093 2046 cacumen

513 2095 515 2099 ⁴
580 2092 599 2133 s

83 2172 142 2224 600
155 2165 289 2242 corporis
312 2161 406 2242 illius,
429 2163 508 2241 quod
530 2164 625 2222 nostri
648 2180 770 2222 cernere
795 2180 900 2222 sensus
1054 2176 1096 2215 500

83 2254 215 2312 5051000
236 2257 402 2330 nequeunt,
424 2250 469 2331 id,
491 2252 646 2331 nimirum,
669 2253 734 2310 sine
756 2250 891 2328 partibus
914 2255 994 2310 extat

156 2345 186 2400 et
206 2341 329 2399 minima
352 2344 467 2397 constat
487 2344 593 2398 natura
614 2356 669 2398 nec
693 2338 749 2398 suit
770 2356 910 2416 umquam

155 2445 210 2506 per
232 2445 264 2487 se
288 2432 436 2486 secretum
458 2444 556 2505 neque
579 2426 702 2504 posthac
725 2444 792 2486 0000
814 2425 935 2506 valebit,

155 2514 277 2575 alterius
301 2516 471 2592 quoniamst
492 2515 590 2592 ipsum
613 2532 682 2592 pars
704 2516 873 2594 primaque,
896 2519 926 2573 et
947 2531 1007 2574 una

83 2609 141 2661 605
153 2602 223 2662 iude
246 2601 319 2662 aliae
342 2608 429 2680 atque
453 2601 527 2661 aliae
551 2600 663 2661 similes
687 2619 723 2660 ex
747 2602 851 2661 ordine
874 2607 974 2679 partes
1055 2613 1096 2655 000

84 2699 137 2748 000
156 2692 272 2768 agmine
295 2689 444 2750 condenso
467 2695 603 2772 naturam
626 2691 759 2768 corporis
782 2688 914 2770 explent3

157 2796 231 2857 quae
255 2779 393 2856 quoniam
415 2795 469 2856 per
492 2795 524 2838 se
548 2784 700 2856 nequeunt
723 2785 873 2859 constare,
896 2783 1049 2838 necessest

155 2866 279 2926 haerere
302 2865 380 2926 unde
404 2871 514 2943 queant
537 2864 617 2926 nulla
639 2868 754 2926 ratione
776 2865 887 2927 revelli.

156 2960 226 3015 suut
248 2955 339 3033 igitur
361 2953 454 3013 solida
477 2953 640 3032 primordia
663 2952 865 3033 simplicitate,

84 3049 140 3100 610
157 3060 232 3122 quae
254 3043 386 3103 minimis
410 3043 515 3120 stipata
538 3041 698 3102 cohaerent
719 3042 853 3120 partibus
875 3047 952 3121 arte,
1055 3054 1097 3094 500

84 3137 137 3186 605
164 3149 225 3191 000
249 3148 284 3190 ex
307 3129 425 3190 illarum
448 3136 595 3191 conventu
617 3129 784 3212 conciliata,

156 3219 209 3279 sed
231 3219 325 3296 magis
348 3225 468 3279 aeterna
489 3217 631 3298 pollentia
654 3216 855 3298 simplicitate;

156 3307 235 3367 unde
257 3324 354 3386 neque
377 3305 463 3367 avelli
486 3308 644 3385 quicquam
667 3324 764 3384 neque
788 3306 922 3365 deminui
944 3308 1004 3366 iam

156 3394 292 3455 concedit
314 3401 419 3455 natura
441 3412 597 3455 reservans
621 3397 735 3455 semina
757 3392 856 3454 rebus.

82 3489 140 3540 015
153 3489 307 3562 praeterea
330 3485 390 3544 nisi
413 3484 471 3543 erit
492 3485 661 3565 minimum,
684 3483 858 3562 parvissima
882 3488 1016 3561 quaeque
1055 3493 1096 3535 505

136 3592 279 3633 1000010000.
292 3591 328 3634 ed.
341 3591 470 3643 Brieger.
864 3586 881 3635 2
