2438 3998
570 269 596 323 V

80 421 137 472 666
153 421 203 475 aut
226 417 294 493 quia
317 413 361 475 sol
384 415 476 496 idem,
500 415 554 476 sub
577 423 673 476 terras
696 415 745 475 ille
768 423 933 497 revertens,

152 505 293 581 anticipat
316 502 429 563 caelum
451 504 543 565 radiis
566 504 727 564 accendere
751 511 911 585 temptans,

153 598 203 652 aut
225 594 294 670 quia
318 594 496 653 conveniunt
517 594 602 671 ignes
625 599 655 652 et
677 594 790 652 semina
811 592 903 653 multa
1045 613 1085 655 ooo

153 679 301 740 confluere
325 680 439 740 ardoris
463 687 645 741 consuerunt
666 689 799 759 tempore
822 688 917 760 certo,

82 786 134 835 666
154 787 228 847 quae
253 769 363 828 iaciunt
386 768 457 828 solis
479 788 553 831 nova
577 787 694 848 semper
715 768 826 829 lumina
850 771 942 847 gigni:

82 856 230 935 661quod
253 874 346 935 genus
368 855 463 918 Idaeis
485 858 590 918 lamast
612 876 628 917 e
651 856 801 922 ulantibus
824 857 890 917 altis

153 945 303 1024 dispersos
325 947 403 1023 ignis
427 947 534 1006 orienti
556 945 667 1006 lumine
691 948 786 1025 cerni,

153 1034 221 1093 inde
237 1035 317 1094 coire
332 1032 451 1111 globum
465 1036 549 1113 quasi
564 1036 595 1093 in
609 1052 702 1095 unum
716 1041 746 1094 et
759 1034 904 1094 conficere
920 1032 1029 1094 orbem.
1045 1055 1085 1096 666

154 1141 209 1182 1166
230 1128 329 1182 tamen
352 1120 423 1182 illud
446 1124 478 1183 in
499 1123 546 1182 his
569 1122 659 1183 rebus
681 1121 815 1182 mirabile
840 1121 927 1182 dehet

84 1228 135 1278 666
154 1228 233 1289 esse,
256 1209 334 1288 quod
357 1209 429 1270 haec
451 1213 528 1289 ignis
550 1217 610 1271 tam
633 1218 714 1271 certo
737 1218 871 1289 tempore
893 1217 1018 1288 possunt

84 1307 140 1357 666
154 1300 266 1358 semina
290 1297 437 1359 confluere
460 1305 491 1359 et
514 1298 584 1359 solis
607 1317 745 1378 reparare
768 1301 902 1359 nitorem.

155 1385 246 1447 multa
267 1386 401 1447 videmus
424 1389 516 1468 enim,
540 1394 620 1447 certo
644 1406 718 1466 quae
741 1394 873 1466 tempore
897 1387 971 1446 liunt

155 1474 291 1535 omnibus
313 1477 345 1534 in
368 1474 465 1535 rebus,
501 1475 663 1536 florescunt
684 1483 817 1554 tempore
840 1482 921 1535 certo
1047 1496 1086 1537 sio

156 1563 274 1624 arbusta
297 1570 327 1623 et
349 1570 429 1623 certo
453 1563 606 1624 dimittunt
627 1571 760 1643 tempore
783 1563 901 1623 florem:

85 1668 138 1719 cao
155 1669 211 1711 nec
234 1653 331 1711 minus
354 1653 385 1710 in
409 1659 490 1712 certo
514 1652 618 1712 dentes
641 1653 745 1713 eadere
769 1654 894 1730 imperat
916 1658 995 1712 aetas

85 1749 139 1799 671
155 1748 287 1818 tempore
311 1746 342 1800 et
362 1739 503 1819 inpubem
525 1739 607 1801 molli
630 1740 792 1819 pubescere
815 1747 896 1799 veste

156 1835 186 1888 et
207 1829 319 1906 pariter
341 1827 459 1887 mollem
482 1827 567 1888 malis
590 1828 745 1889 demittere
768 1827 901 1888 barbam:

156 1915 278 1976 fulmina
300 1923 463 1996 postremo,
485 1919 550 1996 nix,
572 1916 695 1998 imbres,
718 1915 830 1997 nubila,
853 1918 946 1996 venti,
1047 1936 1088 1977 616

156 2022 216 2064 11611
238 2007 327 2064 nimis
350 2007 472 2065 incertis
494 2005 570 2065 fiunt
591 2007 623 2065 in
645 2004 779 2084 partibus
801 2007 878 2064 anni.

86 2112 138 2161 666
156 2110 283 2171 namque
306 2091 357 2152 ubi
381 2095 423 2153 sic
446 2093 566 2153 luerunt
589 2111 744 2153 causarum
767 2093 886 2153 exordia
909 2094 1003 2171 prima

86 2189 143 2242 676
157 2189 243 2259 atque
267 2182 307 2240 ita
329 2199 379 2241 res
401 2181 505 2242 mundi
527 2181 661 2242 cecidere
685 2181 720 2242 ab
744 2182 857 2259 origine
880 2183 988 2262 prima,

158 2287 301 2330 consecue
325 2287 441 2359 quoque
464 2272 523 2330 iam
545 2269 670 2330 redeunt
693 2288 729 2330 ex
752 2269 855 2329 ordine
878 2277 967 2329 certo.

201 2356 342 2418 Crescere
365 2360 495 2436 itemque
520 2357 675 2423 dies.licet
698 2366 728 2418 et
749 2356 901 2418 tabescere
924 2364 1035 2437 noctes,
1049 2379 1090 2418 ooo

158 2453 188 2506 et
209 2447 304 2505 minui
325 2444 419 2526 luces,
443 2463 511 2506 cum
534 2453 650 2507 sumant
673 2448 808 2524 augmina
831 2453 946 2526 noctes,

87 2553 139 2603 676
158 2541 208 2595 aut
231 2536 299 2612 quia
321 2533 365 2593 sol
388 2534 467 2594 idem
490 2534 545 2594 sub
568 2541 664 2594 terras
687 2543 774 2612 atque
798 2552 925 2613 superne

87 2632 139 2683 681
157 2621 320 2700 imparibus
343 2640 466 2682 currens
489 2622 680 2683 amfractibus
703 2622 830 2682 aetheris
854 2640 921 2682 oras

156 2713 247 2789 partit
269 2711 352 2770 etin
375 2713 468 2789 partis
490 2728 550 2771 non
573 2729 681 2789 aequas
705 2710 809 2771 dividit
831 2709 947 2789 orbern,

159 2806 188 2859 et
210 2797 288 2877 quod
312 2797 347 2858 ab
371 2799 511 2858 alterutra
533 2799 660 2859 detraxit
681 2806 778 2879 parte,
801 2801 917 2877 reponit

158 2889 222 2946 eins
244 2889 276 2946 in
299 2886 419 2947 adversa
441 2893 522 2946 tanto
545 2886 612 2965 plus
634 2893 717 2965 parte
741 2885 865 2966 relatus,

88 2975 252 3042 6161161166
275 2974 311 3034 ad
334 2974 365 3034 id
388 2977 505 3052 signum
528 2974 602 3035 caeli
624 2977 770 3055 pervenit,
794 2974 845 3034 ubi
868 2977 937 3035 anni

87 3071 144 3122 686
158 3063 253 3122 nodus
276 3070 435 3124 nocturnas
458 3070 601 3142 exaequat
623 3061 738 3123 lucibus
761 3062 894 3123 umbras:

125 3213 128 3219 ,
159 3169 227 3212 nam
250 3151 346 3211 medio
370 3169 460 3212 cursu
482 3151 568 3211 ssatus
592 3151 737 3230 aquilonis
762 3158 791 3212 et
813 3153 906 3212 austri

159 3240 281 3300 distinet
303 3247 426 3318 aequato
450 3238 524 3300 caeli
547 3239 718 3300 discrimine
741 3246 849 3320 metas,

158 3336 280 3407 propter
303 3328 438 3406 signiferi
460 3329 623 3407 posituram
646 3329 737 3388 totius
761 3328 842 3388 orbis

87 3434 140 3483 680
159 3416 285 3496 obliqui,
310 3423 406 3476 terras
429 3422 458 3476 et
481 3415 594 3476 caelum
617 3416 728 3477 lumine
752 3415 880 3476 lustrans

86 3513 140 3564 691
158 3523 255 3565 annua
279 3502 323 3564 sol
346 3506 378 3564 in
401 3522 458 3583 quo
482 3504 631 3565 concludit
653 3512 786 3583 tempora
810 3522 945 3584 serpens,

159 3603 192 3655 ut
214 3595 290 3654 ratio
314 3592 442 3654 declarat
465 3610 568 3654 eorum
591 3595 642 3674 qui
664 3591 728 3654 loca
752 3591 825 3652 caeli
