2438 3998
542 243 581 298 Vl

58 407 111 460 rto
129 394 207 452 inter
229 394 313 469 nigra
335 393 431 451 virum
453 398 591 470 percocto
616 390 710 451 saecla
733 390 830 452 colore

129 481 265 540 exoriens
288 481 406 559 penitus
429 479 526 540 media
549 477 585 539 ab
609 481 728 557 regione
752 479 820 539 diei.

130 575 176 629 est
198 585 315 647 qnoque
337 570 383 628 uti
405 570 500 646 possit
521 584 645 646 magnus
668 574 825 645 congestus
847 585 953 628 arenae
1037 616 1039 620 .

58 663 113 716 725
129 655 267 717 fluetibus
290 656 421 717 adversis
444 654 575 734 oppilare
598 656 673 715 ostia
696 662 811 736 eontra,
1024 677 1065 721 ns

128 757 197 805 oum
219 761 299 805 mare
321 749 489 823 permotum
510 745 606 803 ventis
629 745 690 804 ruit
712 744 793 803 intus
816 761 947 824 arenam3

59 848 111 899 720
130 850 188 912 qno
211 832 245 892 lit
266 834 312 892 nti
333 839 418 910 paeto
441 830 517 892 liber
539 833 638 893 minus
661 833 758 892 exitus
781 833 860 891 amni

130 926 160 981 et
181 918 320 998 proclivis
342 923 414 980 item
436 920 487 980 liat
509 921 607 979 minus
630 921 759 997 impetus
781 919 869 979 undis

129 1008 163 1068 lit
185 1026 301 1086 qnoque
324 1010 369 1069 uti
391 1007 518 1088 pluviae,
541 1007 653 1087 forsan,
676 1009 770 1085 magis
792 1007 829 1067 ad
852 1013 939 1086 eaput
961 1009 990 1067 ei

58 1100 115 1153 730
130 1102 262 1174 tempore
286 1112 321 1156 eo
344 1096 428 1176 liant,
452 1095 529 1174 quod
553 1097 644 1156 etesia
667 1095 759 1156 flabra
781 1094 950 1174 aquilonum
1023 1117 1065 1158 no

129 1182 230 1245 nubila
252 1185 403 1245 coniciunt
424 1185 456 1243 in
479 1201 529 1244 aas
551 1190 622 1244 tuno
645 1186 743 1243 omnia
764 1186 870 1262 partis:

59 1288 112 1339 aas
131 1271 256 1352 seilicet,
280 1271 316 1332 ad
338 1271 465 1332 mediam
488 1273 638 1350 regionem
661 1273 755 1332 eieota
778 1270 838 1331 diei

131 1378 198 1421 oum
221 1367 433 1441 convenerunt,
455 1358 498 1419 ihi
520 1359 556 1420 ad
579 1359 652 1421 altos
675 1360 803 1438 deniqne
825 1362 933 1421 montis

132 1455 287 1509 contrusae
310 1447 404 1508 nubes
428 1454 573 1526 eoguntur
594 1449 681 1526 vique
703 1455 887 1527 premuntur.

59 1543 116 1596 735
132 1536 255 1597 forsitan
277 1536 453 1614 Aethiopum
475 1538 593 1615 penitus
616 1536 653 1596 de
675 1535 825 1596 montibus
848 1536 914 1596 altis
1024 1555 1065 1598 res

132 1631 257 1705 arescat,
279 1624 332 1685 ubi
353 1627 386 1683 in
408 1642 526 1703 campos
549 1623 629 1684 alhas
652 1623 830 1684 descendere
853 1626 978 1701 ningues

59 1729 114 1779 'tao
132 1711 258 1773 tabificis
281 1712 392 1790 subigit
413 1711 504 1772 radiis
528 1711 573 1772 sol
595 1713 692 1771 omnia
714 1711 851 1772 lustrans.

176 1798 261 1860 Nune
275 1817 337 1881 age,
350 1799 464 1860 Averna
476 1799 532 1860 tibi
544 1817 618 1878 quae
628 1806 698 1859 sunt
706 1799 770 1860 looa
779 1817 904 1878 eumque
914 1797 1064 1878 lacusque,

133 1887 298 1968 expediam,
322 1887 401 1966 quali
422 1895 526 1948 natura
548 1887 679 1966 praedita
703 1894 847 1948 constent.

61 1984 118 2036 740
133 1977 293 2056 principio,
316 1994 375 2054 quo
398 1976 510 2037 Averna
532 1983 673 2037 vocantur
695 1977 827 2056 nomine,
850 1975 880 2034 id
902 1974 940 2035 ab
961 1992 994 2036 re
1024 1998 1064 2038 no

133 2066 335 2144 inpositumst,
359 2066 427 2143 quia
449 2071 519 2124 sunt
540 2063 642 2124 avibus
665 2066 811 2124 contraria
833 2066 962 2145 eunctis,

62 2168 115 2220 735
134 2170 150 2212 e
173 2154 294 2230 regione
317 2170 351 2212 ea
374 2152 452 2231 quod
474 2151 537 2212 loca
560 2170 627 2213 cum
649 2170 757 2212 venere
780 2150 923 2233 volantes,

133 2242 240 2318 remigi
261 2239 369 2300 oblitae
391 2258 554 2320 pennarum
576 2239 639 2300 vela
661 2241 828 2321 remittunt,

134 2329 369 2408 praecipitesque
392 2328 501 2390 eadunt
522 2327 603 2388 molli
626 2330 739 2388 cervice
761 2329 899 2407 profusae

61 2423 119 2477 745
134 2418 166 2476 in
187 2421 310 2496 terram,
333 2419 360 2476 si
381 2417 457 2478 forte
479 2419 520 2476 ita
542 2417 600 2477 fert
621 2423 725 2476 natura
747 2414 892 2496 locorum,
1026 2437 1066 2478 ns

135 2505 239 2564 autin
261 2522 380 2584 aquam,
403 2506 429 2564 si
451 2505 527 2565 forte
549 2504 630 2565 laeus
653 2502 818 2565 substratus
841 2503 984 2579 Auernist.

62 2608 117 2659 740
134 2593 161 2652 is
184 2591 266 2652 loeus
289 2599 335 2652 est
356 2592 462 2653 Cumas
485 2593 575 2673 apud,
598 2594 660 2652 aori
682 2590 802 2670 sulpure
825 2599 940 2652 montes

135 2678 246 2758 oppleti
267 2678 370 2740 calidis
391 2680 444 2740 ubi
466 2681 578 2741 fumant
600 2678 730 2740 fontibus
752 2682 842 2760 anoti3

135 2773 182 2827 est
203 2774 233 2827 et
254 2767 410 2828 Athenaeis
431 2770 463 2828 in
485 2768 653 2848 moenibus,
675 2769 752 2827 areis
775 2769 807 2826 in
829 2769 893 2845 ipso

63 2863 121 2915 750
135 2856 258 2935 vertice,
280 2853 405 2916 Palladis
427 2856 464 2917 ad
485 2856 627 2935 templum
649 2854 810 2916 Tritonidis
833 2854 938 2935 almae,
1026 2875 1067 2916 rao

135 2960 194 3022 qno
216 2961 375 3022 numquam
396 2946 503 3023 pennis
526 2943 676 3024 appellunt
698 2960 822 3021 corpora
844 2959 949 3002 rauoao

64 3046 117 3099 ⁷45
135 3032 282 3112 oorniees,
304 3050 364 3092 non
387 3050 455 3092 oum
477 3032 590 3093 fumant
613 3031 715 3092 altaria
738 3031 836 3091 donis:

134 3136 230 3197 nsque
253 3119 325 3180 adeo
348 3121 472 3199 fugitant
495 3138 554 3181 non
576 3123 637 3181 iras
659 3117 786 3179 Palladis
808 3119 885 3178 aeris

134 3207 271 3287 pervigili
294 3226 394 3288 causa,
417 3207 537 3269 Graium
560 3215 592 3268 ut
615 3209 750 3269 cecinere
773 3210 890 3286 poetae,

63 3299 120 3353 755
137 3294 189 3355 sed
213 3302 317 3356 natura
339 3294 397 3357 looi
419 3314 493 3375 opus
515 3297 606 3357 efficit
628 3298 692 3375 ipsa
714 3301 825 3374 suapte.
1028 3314 1068 3354 aaa
1163 3356 1166 3360 ,

136 3384 168 3443 in
192 3382 276 3462 Syria
299 3402 416 3462 quoque
438 3385 533 3445 fertur
554 3387 626 3446 item
647 3382 730 3444 loeus
753 3401 819 3444 esse
842 3382 948 3462 rideri,

62 3487 118 3536 750
137 3471 334 3551 quadripedes
357 3490 473 3552 qnoque
497 3490 554 3552 quo
578 3473 666 3534 simul
688 3490 722 3532 ao
744 3474 868 3550 vestigia
889 3473 1017 3549 primum

137 3557 304 3641 intulerint,
326 3563 454 3639 graviter
476 3563 520 3621 vis
544 3568 628 3640 cogat
651 3560 805 3621 concidere
828 3562 904 3639 ipsa,
