2438 3998
544 233 584 286 III

130 378 303 438 disiectatur
325 377 429 438 eodem
452 377 502 437 illo
526 378 667 439 distracta
688 397 810 440 veneno.

60 483 111 532 500
130 467 199 525 inde
222 465 274 525 ubi
296 467 355 525 iam
377 465 475 525 morbi
497 465 613 526 reflexit
636 484 736 548 causa,
758 466 894 546 reditque

130 556 162 612 in
185 552 313 613 latebras
336 572 404 614 acer
426 555 559 632 corrupti
582 556 715 632 corporis
738 572 837 635 umor,

130 648 194 702 tum
217 643 302 719 quasi
324 639 480 701 vaccillans
502 643 633 720 primum
655 645 806 720 consurgit
829 649 859 702 et
881 644 977 703 omnis

130 727 270 807 paulatim
293 729 424 788 reditio
447 746 553 789 sensus
576 730 761 807 animamque
784 736 923 809 receptat.
1026 742 1070 784 ⁶⁰⁶

130 817 203 876 haec
226 817 317 893 igitur
338 819 428 876 tantis
451 815 504 876 uhi
526 815 637 876 morbis
661 834 784 895 corpore
807 819 839 876 in
862 819 927 896 ipso
1013 823 1018 833 ’

60 920 112 968 555
131 905 278 964 iactentur
300 905 477 982 miserisque
499 903 597 963 modis
620 903 759 964 distracta
782 903 928 985 laborent,

132 1010 185 1051 cur
208 991 310 1051 eadem
333 991 431 1051 credis
454 993 518 1051 sine
542 1008 666 1070 corpore
689 994 721 1051 in
744 996 812 1052 aere
835 999 937 1071 aperto

132 1095 200 1138 cum
221 1078 325 1138 validis
347 1080 443 1138 ventis
467 1085 593 1138 aetatem
615 1078 722 1156 degere
745 1075 855 1158 posse?

133 1172 162 1226 et
184 1168 323 1244 quoniam
345 1173 475 1226 mentem
498 1167 608 1245 sanari,
632 1184 739 1245 corpus
761 1173 795 1227 ut
817 1185 950 1247 aegrum,
1027 1179 1069 1220 51⁰

132 1255 281 1313 cernimus
305 1261 334 1312 et
356 1253 436 1313 ssecti
458 1252 605 1313 medicina
627 1272 715 1332 posse
739 1254 885 1334 videmuS,

61 1357 113 1406 510
132 1341 163 1401 id
186 1358 302 1420 quoque
325 1342 473 1419 praesagit
494 1339 649 1400 mortalem
670 1343 769 1402 vivere
791 1348 930 1402 mentem.

133 1429 240 1489 addere
264 1430 343 1488 enirn
365 1430 458 1507 partis
481 1435 531 1487 aut
554 1428 657 1488 ordine
680 1431 822 1489 traiecere
846 1435 978 1490 aecumst

133 1524 183 1577 aut
205 1514 314 1593 aliquid
338 1534 460 1594 prosum
482 1515 519 1576 de
543 1533 657 1575 summa
680 1516 834 1577 detrahere
857 1516 963 1597 hilum,

133 1611 313 1664 commutare
337 1605 467 1663 animum
490 1605 667 1681 quicumque
690 1603 822 1663 adoritur
844 1611 875 1664 et
897 1605 962 1664 iniit
1026 1616 1068 1657 51⁵

132 1698 183 1751 aut
206 1689 291 1750 aliam
315 1693 446 1768 quamvis
468 1697 603 1750 naturam
627 1690 746 1750 ssectere
770 1693 893 1769 quaerit.

62 1797 113 1844 515
133 1787 162 1839 at
184 1797 281 1856 neque
303 1778 460 1838 transferri
482 1777 540 1837 sibi
561 1780 654 1856 partis
677 1796 732 1838 uec
754 1778 847 1838 tribui
870 1777 931 1838 vult

133 1866 287 1926 inmortale
311 1865 390 1944 quod
413 1872 459 1925 est
482 1867 638 1944 quicquam
660 1883 756 1944 neque
780 1865 909 1926 defluere
932 1864 1039 1925 hilum:

134 1972 200 2012 nam
223 1952 429 2031 quodcumque
452 1955 515 2012 suis
537 1960 682 2014 mutatum
705 1952 813 2013 tinibus
836 1956 909 2034 exit,

134 2043 272 2100 contiuuo
295 2040 351 2101 hoc
373 2058 453 2100 mors
477 2047 523 2100 est
544 2040 625 2100 illius
647 2040 726 2119 quod
749 2041 811 2101 suit·
826 2048 901 2101 ante.
1026 2051 1069 2094 ⁶2⁰

134 2146 203 2206 ergo
227 2130 341 2188 animus
364 2130 425 2188 sive
448 2130 605 2208 aegrescit,
627 2126 762 2189 mortalia
785 2130 868 2206 signa

63 2232 115 2282 520
135 2218 236 2296 mittit,
258 2218 303 2276 uti
325 2215 425 2295 docui,
448 2233 502 2275 scu
524 2215 654 2276 flectitur
676 2234 693 2276 a
715 2217 869 2276 medicina.

133 2321 227 2382 nsque
251 2304 323 2364 adeo
346 2302 435 2363 salsae
458 2304 567 2363 rationi
588 2321 657 2364 vera
679 2304 796 2364 videtur

135 2409 183 2450 res
206 2409 363 2450 occurrere
386 2397 416 2451 et
439 2391 580 2468 effugium
601 2391 791 2470 praecludere
815 2392 897 2451 eunti

133 2480 311 2557 ancipitique
335 2478 464 2538 refutatu
486 2479 660 2539 convincere
683 2477 796 2539 falsum.
1026 2490 1069 2532 ⁶2⁶

177 2565 310 2645 Denique
334 2584 421 2644 saepe
443 2565 594 2625 hominem
616 2564 757 2645 paulatim
779 2568 928 2626 cernimus
952 2567 997 2626 ire

63 2670 114 2718 525
135 2660 164 2712 et
185 2653 371 2713 membratim
393 2652 511 2713 vitalem
533 2654 696 2732 deperdere
722 2671 855 2713 sensum:

133 2742 166 2800 in
187 2741 312 2819 pedibus
334 2742 464 2819 primum
487 2741 595 2819 digitos
617 2741 759 2801 livescere
783 2747 813 2800 et
834 2743 956 2821 unguis,

133 2828 202 2888 inde
224 2827 315 2906 pedes
338 2835 369 2888 et
391 2846 478 2889 crura
501 2830 590 2909 mori,
612 2835 680 2907 post
702 2828 770 2888 iude
793 2846 847 2907 per
870 2835 951 2888 artus

133 2917 177 2975 ire
200 2915 273 2974 alios
295 2917 413 2975 tractim
436 2914 525 2994 gelidi
547 2918 670 2994 vestigia
692 2914 757 2996 leti;
1027 2928 1069 2968 ⁶³⁰

134 3003 279 3063 scinditur
301 3005 384 3082 atqui
406 3006 520 3064 animae
544 3007 682 3082 quoniam
704 3011 809 3064 natura
831 3020 887 3064 nee
909 3020 969 3063 uno

61 3106 114 3154 530
133 3096 265 3168 tempore
288 3092 404 3150 sincera
427 3093 540 3171 existit,
563 3089 695 3151 mortalis
718 3089 888 3150 hahendast.

133 3177 212 3255 quod
234 3179 261 3237 si
283 3177 358 3238 sorte
381 3185 467 3256 putas
489 3180 584 3257 ipsam
608 3197 640 3238 se
663 3196 750 3257 posse
773 3197 827 3257 per
850 3185 931 3238 artus

132 3266 278 3325 introsum
301 3266 418 3326 trahere
442 3274 471 3327 et
493 3268 587 3344 partis
610 3267 775 3326 conducere
799 3267 946 3326 inunum

132 3359 218 3430 atque
241 3353 308 3412 ideo
332 3355 447 3414 cunctis
470 3372 592 3414 sensum
614 3353 760 3414 deducere
783 3353 939 3434 membris,
1029 3363 1070 3406 ⁵⁸⁵

132 3447 162 3500 at
184 3439 267 3500 locus
290 3439 338 3500 ille
361 3448 472 3521 tamen,
496 3460 554 3520 quo
577 3443 661 3520 copia
684 3448 765 3502 tanta
788 3442 897 3501 animai

61 3544 111 3592 555
132 3530 259 3609 cogitur,
282 3530 314 3588 in
338 3546 427 3589 sensu
450 3527 539 3589 debet
560 3531 671 3589 maiore
694 3528 801 3609 videri;
