<?xml version="1.0" encoding="UTF-8"?>
<!DOCTYPE html PUBLIC "-//W3C//DTD XHTML 1.0 Transitional//EN"
    "http://www.w3.org/TR/xhtml1/DTD/xhtml1-transitional.dtd">
<html xmlns="http://www.w3.org/1999/xhtml" xml:lang="en" lang="en">
 <head>
  <title>
</title>
<meta http-equiv="Content-Type" content="text/html;charset=utf-8" />
  <meta name='ocr-system' content='tesseract 3.04.00' />
  <meta name='ocr-capabilities' content='ocr_page ocr_carea ocr_par ocr_line ocrx_word'/>
</head>
<body>
  <div class='ocr_page' id='page_1' title='image "./tlucreticarider02carugoog_0100.png"; bbox 0 0 2438 3998; ppageno 0'>
   <div class='ocr_carea' id='block_1_1' title="bbox 588 220 1090 283">
    <p class='ocr_par' dir='ltr' id='par_1_1' title="bbox 588 220 1090 283">
     <span class='ocr_line' id='line_1_1' title="bbox 588 220 1090 283; baseline 0.018 -9"><span class='ocrx_word' id='word_1_1' title='bbox 588 220 601 274; x_wconf 94' lang='grc' dir='ltr'>Ι</span> <span class='ocrx_word' id='word_1_2' title='bbox 1051 220 1090 283; x_wconf 84' lang='grc'>11</span> 
     </span>
    </p>
   </div>
   <div class='ocr_carea' id='block_1_2' title="bbox 90 366 1094 1242">
    <p class='ocr_par' dir='ltr' id='par_1_2' title="bbox 90 366 980 454">
     <span class='ocr_line' id='line_1_2' title="bbox 90 366 980 454; baseline 0.004 -28"><span class='ocrx_word' id='word_1_3' title='bbox 90 375 149 427; x_wconf 86' lang='grc'>300</span> <span class='ocrx_word' id='word_1_4' title='bbox 164 386 232 428; x_wconf 91' lang='lat' dir='ltr'>nam</span> <span class='ocrx_word' id='word_1_5' title='bbox 255 369 281 429; x_wconf 93' lang='lat' dir='ltr'>si</span> <span class='ocrx_word' id='word_1_6' title='bbox 303 375 367 447; x_wconf 71' lang='lat' dir='ltr'>tant</span> <span class='ocrx_word' id='word_1_7' title='bbox 429 373 505 428; x_wconf 90' lang='lat' dir='ltr'>emst</span> <span class='ocrx_word' id='word_1_8' title='bbox 527 368 558 427; x_wconf 91' lang='lat' dir='ltr'>in</span> <span class='ocrx_word' id='word_1_9' title='bbox 580 366 663 438; x_wconf 86' lang='lat' dir='ltr'>lanae</span> <span class='ocrx_word' id='word_1_10' title='bbox 686 367 815 447; x_wconf 79' lang='lat' dir='ltr'>glomere</span> <span class='ocrx_word' id='word_1_11' title='bbox 828 375 980 454; x_wconf 64' lang='lat' dir='ltr'>QQ</span> 
     </span>
    </p>

    <p class='ocr_par' dir='ltr' id='par_1_3' title="bbox 90 455 1094 802">
     <span class='ocr_line' id='line_1_3' title="bbox 90 455 1094 538; baseline -0.005 -25"><span class='ocrx_word' id='word_1_12' title='bbox 90 464 143 515; x_wconf 77' lang='lat' dir='ltr'>aaa</span> <span class='ocrx_word' id='word_1_13' title='bbox 163 458 296 535; x_wconf 89' lang='lat' dir='ltr'>corporis</span> <span class='ocrx_word' id='word_1_14' title='bbox 319 458 350 516; x_wconf 90' lang='lat' dir='ltr'>in</span> <span class='ocrx_word' id='word_1_15' title='bbox 372 455 403 534; x_wconf 97' lang='lat' dir='ltr'>pl</span> <span class='ocrx_word' id='word_1_16' title='bbox 475 461 530 536; x_wconf 88' lang='lat' dir='ltr'>ost,</span> <span class='ocrx_word' id='word_1_17' title='bbox 552 456 725 523; x_wconf 80' lang='lat' dir='ltr'>tantundem</span> <span class='ocrx_word' id='word_1_18' title='bbox 747 455 876 536; x_wconf 86' lang='lat' dir='ltr'>pendere</span> <span class='ocrx_word' id='word_1_19' title='bbox 898 475 952 536; x_wconf 93' lang='lat' dir='ltr'>par</span> <span class='ocrx_word' id='word_1_20' title='bbox 975 462 1032 538; x_wconf 94' lang='lat' dir='ltr'>est,</span> <span class='ocrx_word' id='word_1_21' title='bbox 1053 469 1094 510; x_wconf 78' lang='lat' dir='ltr'>ooo</span> 
     </span>
     <span class='ocr_line' id='line_1_4' title="bbox 163 543 1093 642; baseline -0.001 -37"><span class='ocrx_word' id='word_1_22' title='bbox 163 546 296 622; x_wconf 91' lang='lat' dir='ltr'>corporis</span> <span class='ocrx_word' id='word_1_23' title='bbox 323 544 480 604; x_wconf 85' lang='lat' dir='ltr'>officiumst</span> <span class='ocrx_word' id='word_1_24' title='bbox 507 545 645 623; x_wconf 91' lang='lat' dir='ltr'>quoniam</span> <span class='ocrx_word' id='word_1_25' title='bbox 667 562 803 622; x_wconf 81' lang='lat' dir='ltr'>premere</span> <span class='ocrx_word' id='word_1_26' title='bbox 820 546 923 642; x_wconf 50' lang='grc' dir='ltr'>ΜΨ</span> <span class='ocrx_word' id='word_1_27' title='bbox 946 543 1093 624; x_wconf 85' lang='lat' dir='ltr'>deorsum,</span> 
     </span>
     <span class='ocr_line' id='line_1_5' title="bbox 164 627 1000 722; baseline 0.002 -30"><span class='ocrx_word' id='word_1_28' title='bbox 164 638 265 692; x_wconf 88' lang='lat' dir='ltr'>contra</span> <span class='ocrx_word' id='word_1_29' title='bbox 289 638 386 693; x_wconf 91' lang='lat' dir='ltr'>autem</span> <span class='ocrx_word' id='word_1_30' title='bbox 408 637 512 692; x_wconf 90' lang='lat' dir='ltr'>natura</span> <span class='ocrx_word' id='word_1_31' title='bbox 535 638 633 692; x_wconf 91' lang='lat' dir='ltr'>manet</span> <span class='ocrx_word' id='word_1_32' title='bbox 656 634 720 693; x_wconf 90' lang='lat' dir='ltr'>siue</span> <span class='ocrx_word' id='word_1_33' title='bbox 742 627 872 712; x_wconf 90' lang='lat' dir='ltr'>pondere</span> <span class='ocrx_word' id='word_1_34' title='bbox 887 634 1000 722; x_wconf 58' lang='lat' dir='ltr'>Q·</span> 
     </span>
     <span class='ocr_line' id='line_1_6' title="bbox 164 719 1010 802; baseline -0.001 -22"><span class='ocrx_word' id='word_1_35' title='bbox 164 738 234 798; x_wconf 92' lang='lat' dir='ltr'>ergo</span> <span class='ocrx_word' id='word_1_36' title='bbox 258 720 334 798; x_wconf 92' lang='lat' dir='ltr'>quod</span> <span class='ocrx_word' id='word_1_37' title='bbox 357 725 525 799; x_wconf 82' lang='lat' dir='ltr'>magnumst</span> <span class='ocrx_word' id='word_1_38' title='bbox 546 738 639 799; x_wconf 90' lang='lat' dir='ltr'>aeque</span> <span class='ocrx_word' id='word_1_39' title='bbox 661 719 813 799; x_wconf 86' lang='lat' dir='ltr'>leviusque</span> <span class='ocrx_word' id='word_1_40' title='bbox 834 720 965 802; x_wconf 86' lang='lat' dir='ltr'>videtur,</span> <span class='ocrx_word' id='word_1_41' title='bbox 1007 775 1010 779; x_wconf 85' lang='grc'><em>,</em></span> 
     </span>
    </p>

    <p class='ocr_par' dir='ltr' id='par_1_4' title="bbox 92 806 1094 889">
     <span class='ocr_line' id='line_1_7' title="bbox 92 806 1094 889; baseline -0.004 -23"><span class='ocrx_word' id='word_1_42' title='bbox 92 813 149 867; x_wconf 79' lang='grc'>306</span> <span class='ocrx_word' id='word_1_43' title='bbox 163 810 317 889; x_wconf 90' lang='lat' dir='ltr'>nimirum,</span> <span class='ocrx_word' id='word_1_44' title='bbox 338 807 405 887; x_wconf 92' lang='lat' dir='ltr'>plus</span> <span class='ocrx_word' id='word_1_45' title='bbox 428 826 494 868; x_wconf 92' lang='lat' dir='ltr'>esse</span> <span class='ocrx_word' id='word_1_46' title='bbox 517 808 574 868; x_wconf 89' lang='lat' dir='ltr'>sihi</span> <span class='ocrx_word' id='word_1_47' title='bbox 597 806 725 868; x_wconf 88' lang='lat' dir='ltr'>declarat</span> <span class='ocrx_word' id='word_1_48' title='bbox 746 810 855 869; x_wconf 91' lang='lat' dir='ltr'>inanis:</span> <span class='ocrx_word' id='word_1_49' title='bbox 1054 820 1094 863; x_wconf 83' lang='lat' dir='ltr'>aaa</span> 
     </span>
    </p>

    <p class='ocr_par' dir='ltr' id='par_1_5' title="bbox 91 872 1034 1242">
     <span class='ocr_line' id='line_1_8' title="bbox 91 872 897 988; baseline 0.006 -35"><span class='ocrx_word' id='word_1_50' title='bbox 91 903 146 954; x_wconf 80' lang='lat' dir='ltr'>aad</span> <span class='ocrx_word' id='word_1_51' title='bbox 164 904 193 956; x_wconf 91' lang='lat' dir='ltr'>at</span> <span class='ocrx_word' id='word_1_52' title='bbox 215 903 317 957; x_wconf 89' lang='lat' dir='ltr'>contra</span> <span class='ocrx_word' id='word_1_53' title='bbox 333 914 456 988; x_wconf 60' lang='lat' dir='ltr'>Qus</span> <span class='ocrx_word' id='word_1_54' title='bbox 478 894 544 976; x_wconf 91' lang='lat' dir='ltr'>plus</span> <span class='ocrx_word' id='word_1_55' title='bbox 567 897 598 957; x_wconf 92' lang='lat' dir='ltr'>in</span> <span class='ocrx_word' id='word_1_56' title='bbox 621 914 653 957; x_wconf 93' lang='lat' dir='ltr'>se</span> <span class='ocrx_word' id='word_1_57' title='bbox 677 872 897 975; x_wconf 58' lang='lat' dir='ltr'>oomorffesse</span> 
     </span>
     <span class='ocr_line' id='line_1_9' title="bbox 164 983 915 1051; baseline 0.003 -7"><span class='ocrx_word' id='word_1_58' title='bbox 164 985 280 1045; x_wconf 82' lang='lat' dir='ltr'>dedicat</span> <span class='ocrx_word' id='word_1_59' title='bbox 302 991 332 1045; x_wconf 93' lang='lat' dir='ltr'>et</span> <span class='ocrx_word' id='word_1_60' title='bbox 354 983 446 1044; x_wconf 92' lang='lat' dir='ltr'>multo</span> <span class='ocrx_word' id='word_1_61' title='bbox 468 986 553 1051; x_wconf 84' lang='lat' dir='ltr'>vacui</span> <span class='ocrx_word' id='word_1_62' title='bbox 574 985 672 1045; x_wconf 90' lang='lat' dir='ltr'>minus</span> <span class='ocrx_word' id='word_1_63' title='bbox 695 986 775 1045; x_wconf 90' lang='lat' dir='ltr'>intus</span> <span class='ocrx_word' id='word_1_64' title='bbox 797 984 915 1046; x_wconf 85' lang='lat' dir='ltr'>habere.</span> 
     </span>
     <span class='ocr_line' id='line_1_10' title="bbox 164 1045 922 1154; baseline 0 -21"><span class='ocrx_word' id='word_1_65' title='bbox 164 1080 209 1133; x_wconf 93' lang='lat' dir='ltr'>est</span> <span class='ocrx_word' id='word_1_66' title='bbox 231 1075 335 1154; x_wconf 90' lang='lat' dir='ltr'>igitur,</span> <span class='ocrx_word' id='word_1_67' title='bbox 357 1045 563 1153; x_wconf 51' lang='lat' dir='ltr'>nimirum]</span> <span class='ocrx_word' id='word_1_68' title='bbox 587 1071 665 1151; x_wconf 92' lang='lat' dir='ltr'>quod</span> <span class='ocrx_word' id='word_1_69' title='bbox 687 1075 801 1133; x_wconf 91' lang='lat' dir='ltr'>ratione</span> <span class='ocrx_word' id='word_1_70' title='bbox 825 1073 922 1152; x_wconf 81' lang='lat' dir='ltr'>sagaci</span> 
     </span>
     <span class='ocr_line' id='line_1_11' title="bbox 164 1159 1034 1242; baseline 0.001 -21"><span class='ocrx_word' id='word_1_71' title='bbox 164 1163 346 1242; x_wconf 85' lang='lat' dir='ltr'>quaerimus,</span> <span class='ocrx_word' id='word_1_72' title='bbox 369 1160 530 1221; x_wconf 85' lang='lat' dir='ltr'>admixtum</span> <span class='ocrx_word' id='word_1_73' title='bbox 552 1159 653 1241; x_wconf 89' lang='lat' dir='ltr'>rebus,</span> <span class='ocrx_word' id='word_1_74' title='bbox 677 1159 755 1239; x_wconf 95' lang='lat' dir='ltr'>quod</span> <span class='ocrx_word' id='word_1_75' title='bbox 778 1162 865 1221; x_wconf 90' lang='lat' dir='ltr'>inane</span> <span class='ocrx_word' id='word_1_76' title='bbox 887 1177 1034 1222; x_wconf 79' lang='lat' dir='ltr'>vocamus</span> 
     </span>
    </p>
   </div>
   <div class='ocr_carea' id='block_1_3' title="bbox 769 1231 862 1256">
    <p class='ocr_par' dir='ltr' id='par_1_6' title="bbox 769 1231 862 1256">
     <span class='ocr_line' id='line_1_12' title="bbox 769 1231 862 1256; baseline 0 0"><span class='ocrx_word' id='word_1_77' title='bbox 769 1231 862 1256; x_wconf 46' lang='grc' dir='ltr'>Ἢ</span> 
     </span>
    </p>
   </div>
   <div class='ocr_carea' id='block_1_4' title="bbox 91 1247 1095 1338">
    <p class='ocr_par' dir='ltr' id='par_1_7' title="bbox 91 1247 1218 1341">
     <span class='ocr_line' id='line_1_13' title="bbox 91 1247 1095 1338; baseline 0.008 -30"><span class='ocrx_word' id='word_1_78' title='bbox 91 1256 149 1309; x_wconf 81' lang='grc'>370</span> <span class='ocrx_word' id='word_1_79' title='bbox 209 1248 282 1309; x_wconf 92' lang='lat' dir='ltr'>lllud</span> <span class='ocrx_word' id='word_1_80' title='bbox 305 1251 336 1309; x_wconf 91' lang='lat' dir='ltr'>iu</span> <span class='ocrx_word' id='word_1_81' title='bbox 358 1249 405 1309; x_wconf 90' lang='lat' dir='ltr'>his</span> <span class='ocrx_word' id='word_1_82' title='bbox 426 1247 516 1308; x_wconf 89' lang='lat' dir='ltr'>rebus</span> <span class='ocrx_word' id='word_1_83' title='bbox 538 1266 576 1308; x_wconf 91' lang='lat' dir='ltr'>ne</span> <span class='ocrx_word' id='word_1_84' title='bbox 598 1255 628 1321; x_wconf 89' lang='lat' dir='ltr'>te</span> <span class='ocrx_word' id='word_1_85' title='bbox 651 1247 797 1310; x_wconf 83' lang='lat' dir='ltr'>deducere</span> <span class='ocrx_word' id='word_1_86' title='bbox 814 1267 889 1338; x_wconf 64' lang='lat' dir='ltr'>Q)</span> <span class='ocrx_word' id='word_1_87' title='bbox 1055 1262 1095 1302; x_wconf 76' lang='lat'>⁸⁷⁰</span> 
     </span>
    </p>
   </div>
   <div class='ocr_carea' id='block_1_5' title="bbox 58 1335 1097 3673">
    <p class='ocr_par' dir='ltr' id='par_1_8' title="bbox 58 1335 1097 3673">
     <span class='ocr_line' id='line_1_14' title="bbox 90 1335 994 1418; baseline 0.003 -23"><span class='ocrx_word' id='word_1_88' title='bbox 90 1346 145 1397; x_wconf 78' lang='lat'>365</span> <span class='ocrx_word' id='word_1_89' title='bbox 163 1339 270 1418; x_wconf 92' lang='lat' dir='ltr'>possit,</span> <span class='ocrx_word' id='word_1_90' title='bbox 293 1337 371 1416; x_wconf 93' lang='lat' dir='ltr'>quod</span> <span class='ocrx_word' id='word_1_91' title='bbox 394 1335 512 1415; x_wconf 91' lang='lat' dir='ltr'>quidam</span> <span class='ocrx_word' id='word_1_92' title='bbox 534 1336 660 1417; x_wconf 89' lang='lat' dir='ltr'>lingunt,</span> <span class='ocrx_word' id='word_1_93' title='bbox 675 1355 874 1416; x_wconf 89' lang='lat' dir='ltr'>praecurrere</span> <span class='ocrx_word' id='word_1_94' title='bbox 898 1354 994 1416; x_wconf 84' lang='lat' dir='ltr'>cogor.</span> 
     </span>
     <span class='ocr_line' id='line_1_15' title="bbox 164 1422 901 1504; baseline 0 -18"><span class='ocrx_word' id='word_1_95' title='bbox 164 1426 270 1486; x_wconf 87' lang='lat' dir='ltr'>cedere</span> <span class='ocrx_word' id='word_1_96' title='bbox 294 1426 486 1504; x_wconf 84' lang='lat' dir='ltr'>squamigeris</span> <span class='ocrx_word' id='word_1_97' title='bbox 508 1422 610 1485; x_wconf 92' lang='lat' dir='ltr'>latices</span> <span class='ocrx_word' id='word_1_98' title='bbox 632 1424 796 1496; x_wconf 84' lang='lat' dir='ltr'>nitentibus</span> <span class='ocrx_word' id='word_1_99' title='bbox 819 1427 901 1486; x_wconf 91' lang='lat' dir='ltr'>aiunt</span> 
     </span>
     <span class='ocr_line' id='line_1_16' title="bbox 165 1511 964 1594; baseline 0.001 -21"><span class='ocrx_word' id='word_1_100' title='bbox 165 1520 196 1574; x_wconf 95' lang='lat' dir='ltr'>et</span> <span class='ocrx_word' id='word_1_101' title='bbox 217 1511 342 1592; x_wconf 90' lang='lat' dir='ltr'>liquidas</span> <span class='ocrx_word' id='word_1_102' title='bbox 365 1514 479 1591; x_wconf 88' lang='lat' dir='ltr'>aperire</span> <span class='ocrx_word' id='word_1_103' title='bbox 501 1514 577 1592; x_wconf 84' lang='lat' dir='ltr'>rias,</span> <span class='ocrx_word' id='word_1_104' title='bbox 600 1515 669 1592; x_wconf 91' lang='lat' dir='ltr'>quia</span> <span class='ocrx_word' id='word_1_105' title='bbox 690 1519 758 1592; x_wconf 94' lang='lat' dir='ltr'>post</span> <span class='ocrx_word' id='word_1_106' title='bbox 780 1513 844 1574; x_wconf 91' lang='lat' dir='ltr'>loca</span> <span class='ocrx_word' id='word_1_107' title='bbox 866 1516 964 1594; x_wconf 90' lang='lat' dir='ltr'>pisces</span> 
     </span>
     <span class='ocr_line' id='line_1_17' title="bbox 164 1600 1095 1682; baseline 0.001 -21"><span class='ocrx_word' id='word_1_108' title='bbox 164 1600 310 1681; x_wconf 79' lang='lat' dir='ltr'>linquant,</span> <span class='ocrx_word' id='word_1_109' title='bbox 332 1618 389 1679; x_wconf 92' lang='lat' dir='ltr'>quo</span> <span class='ocrx_word' id='word_1_110' title='bbox 412 1602 527 1679; x_wconf 88' lang='lat' dir='ltr'>possint</span> <span class='ocrx_word' id='word_1_111' title='bbox 549 1600 687 1662; x_wconf 87' lang='lat' dir='ltr'>cedentes</span> <span class='ocrx_word' id='word_1_112' title='bbox 711 1601 858 1662; x_wconf 91' lang='lat' dir='ltr'>oonlluere</span> <span class='ocrx_word' id='word_1_113' title='bbox 881 1600 991 1682; x_wconf 86' lang='lat' dir='ltr'>undae;</span> <span class='ocrx_word' id='word_1_114' title='bbox 1055 1613 1095 1654; x_wconf 66' lang='lat'>³²⁶</span> 
     </span>
     <span class='ocr_line' id='line_1_18' title="bbox 91 1689 915 1768; baseline -0.002 -18"><span class='ocrx_word' id='word_1_115' title='bbox 91 1697 150 1750; x_wconf 80' lang='lat'>375</span> <span class='ocrx_word' id='word_1_116' title='bbox 166 1692 210 1750; x_wconf 91' lang='lat' dir='ltr'>sic</span> <span class='ocrx_word' id='word_1_117' title='bbox 232 1689 303 1750; x_wconf 91' lang='lat' dir='ltr'>alias</span> <span class='ocrx_word' id='word_1_118' title='bbox 328 1706 443 1767; x_wconf 90' lang='lat' dir='ltr'>quoque</span> <span class='ocrx_word' id='word_1_119' title='bbox 466 1706 515 1749; x_wconf 93' lang='lat' dir='ltr'>res</span> <span class='ocrx_word' id='word_1_120' title='bbox 537 1691 615 1750; x_wconf 91' lang='lat' dir='ltr'>inter</span> <span class='ocrx_word' id='word_1_121' title='bbox 638 1707 670 1749; x_wconf 94' lang='lat' dir='ltr'>se</span> <span class='ocrx_word' id='word_1_122' title='bbox 692 1706 780 1768; x_wconf 89' lang='lat' dir='ltr'>posse</span> <span class='ocrx_word' id='word_1_123' title='bbox 803 1691 915 1750; x_wconf 86' lang='lat' dir='ltr'>moveri</span> 
     </span>
     <span class='ocr_line' id='line_1_19' title="bbox 91 1775 936 1867; baseline -0.001 -30"><span class='ocrx_word' id='word_1_124' title='bbox 91 1786 147 1837; x_wconf 74' lang='grc'>370</span> <span class='ocrx_word' id='word_1_125' title='bbox 166 1784 195 1839; x_wconf 88' lang='lat' dir='ltr'>et</span> <span class='ocrx_word' id='word_1_126' title='bbox 217 1784 330 1838; x_wconf 92' lang='lat' dir='ltr'>mutare</span> <span class='ocrx_word' id='word_1_127' title='bbox 353 1776 463 1857; x_wconf 87' lang='lat' dir='ltr'>locum,</span> <span class='ocrx_word' id='word_1_128' title='bbox 487 1779 618 1855; x_wconf 87' lang='lat' dir='ltr'>quamvis</span> <span class='ocrx_word' id='word_1_129' title='bbox 641 1778 701 1837; x_wconf 90' lang='lat' dir='ltr'>sint</span> <span class='ocrx_word' id='word_1_130' title='bbox 723 1779 819 1867; x_wconf 65' lang='lat' dir='ltr'>Qia</span> <span class='ocrx_word' id='word_1_131' title='bbox 841 1775 936 1856; x_wconf 89' lang='lat' dir='ltr'>plena.</span> 
     </span>
     <span class='ocr_line' id='line_1_20' title="bbox 58 1864 903 1947; baseline 0 -21"><span class='ocrx_word' id='word_1_132' title='bbox 58 1871 84 1913; x_wconf 60' lang='lat' dir='ltr'>‘l</span> <span class='ocrx_word' id='word_1_133' title='bbox 166 1865 292 1945; x_wconf 90' lang='lat' dir='ltr'>seilicet,</span> <span class='ocrx_word' id='word_1_134' title='bbox 315 1865 345 1926; x_wconf 93' lang='lat' dir='ltr'>id</span> <span class='ocrx_word' id='word_1_135' title='bbox 368 1864 439 1925; x_wconf 83' lang='lat' dir='ltr'>falsa</span> <span class='ocrx_word' id='word_1_136' title='bbox 461 1865 691 1947; x_wconf 66' lang='lat' dir='ltr'>memoratione</span> <span class='ocrx_word' id='word_1_137' title='bbox 713 1871 903 1945; x_wconf 88' lang='lat' dir='ltr'>receptumst.</span> 
     </span>
     <span class='ocr_line' id='line_1_21' title="bbox 86 1932 1013 2036; baseline -0.001 -22"><span class='ocrx_word' id='word_1_138' title='bbox 86 1932 96 1961; x_wconf 35' lang='lat' dir='ltr'>x</span> <span class='ocrx_word' id='word_1_139' title='bbox 165 1972 233 2014; x_wconf 90' lang='lat' dir='ltr'>nam</span> <span class='ocrx_word' id='word_1_140' title='bbox 257 1971 315 2032; x_wconf 92' lang='lat' dir='ltr'>quo</span> <span class='ocrx_word' id='word_1_141' title='bbox 338 1954 516 2032; x_wconf 89' lang='lat' dir='ltr'>squamigeri</span> <span class='ocrx_word' id='word_1_142' title='bbox 538 1958 677 2032; x_wconf 92' lang='lat' dir='ltr'>poterunt</span> <span class='ocrx_word' id='word_1_143' title='bbox 698 1952 859 2032; x_wconf 90' lang='lat' dir='ltr'>procedere</span> <span class='ocrx_word' id='word_1_144' title='bbox 881 1953 1013 2036; x_wconf 92' lang='lat' dir='ltr'>tandem,</span> 
     </span>
     <span class='ocr_line' id='line_1_22' title="bbox 165 2037 958 2122; baseline -0.001 -20"><span class='ocrx_word' id='word_1_145' title='bbox 165 2043 197 2102; x_wconf 89' lang='lat' dir='ltr'>ni</span> <span class='ocrx_word' id='word_1_146' title='bbox 220 2044 346 2120; x_wconf 90' lang='lat' dir='ltr'>spatium</span> <span class='ocrx_word' id='word_1_147' title='bbox 369 2040 504 2101; x_wconf 91' lang='lat' dir='ltr'>dederint</span> <span class='ocrx_word' id='word_1_148' title='bbox 526 2037 650 2102; x_wconf 83' lang='lat' dir='ltr'>latices?</span> <span class='ocrx_word' id='word_1_149' title='bbox 685 2041 847 2103; x_wconf 92' lang='lat' dir='ltr'>concedere</span> <span class='ocrx_word' id='word_1_150' title='bbox 869 2059 958 2122; x_wconf 92' lang='lat' dir='ltr'>porro</span> 
     </span>
     <span class='ocr_line' id='line_1_23' title="bbox 95 2126 1095 2210; baseline -0.006 -19"><span class='ocrx_word' id='word_1_151' title='bbox 95 2140 151 2191; x_wconf 81' lang='grc'>330</span> <span class='ocrx_word' id='word_1_152' title='bbox 167 2148 224 2209; x_wconf 94' lang='lat' dir='ltr'>quo</span> <span class='ocrx_word' id='word_1_153' title='bbox 247 2135 386 2209; x_wconf 90' lang='lat' dir='ltr'>poterunt</span> <span class='ocrx_word' id='word_1_154' title='bbox 407 2128 521 2210; x_wconf 87' lang='lat' dir='ltr'>undae,</span> <span class='ocrx_word' id='word_1_155' title='bbox 544 2147 610 2190; x_wconf 88' lang='lat' dir='ltr'>eum</span> <span class='ocrx_word' id='word_1_156' title='bbox 632 2131 730 2208; x_wconf 90' lang='lat' dir='ltr'>pisces</span> <span class='ocrx_word' id='word_1_157' title='bbox 753 2130 797 2190; x_wconf 85' lang='lat' dir='ltr'>ire</span> <span class='ocrx_word' id='word_1_158' title='bbox 820 2126 1006 2208; x_wconf 83' lang='lat' dir='ltr'>nequibunt?</span> <span class='ocrx_word' id='word_1_159' title='bbox 1055 2143 1095 2185; x_wconf 82' lang='lat' dir='ltr'>ooo</span> 
     </span>
     <span class='ocr_line' id='line_1_24' title="bbox 94 2217 969 2299; baseline 0.003 -24"><span class='ocrx_word' id='word_1_160' title='bbox 94 2226 148 2276; x_wconf 75' lang='grc'>303</span> <span class='ocrx_word' id='word_1_161' title='bbox 166 2225 216 2279; x_wconf 91' lang='lat' dir='ltr'>aut</span> <span class='ocrx_word' id='word_1_162' title='bbox 237 2220 328 2296; x_wconf 90' lang='lat' dir='ltr'>igitur</span> <span class='ocrx_word' id='word_1_163' title='bbox 349 2223 431 2288; x_wconf 91' lang='lat' dir='ltr'>motu</span> <span class='ocrx_word' id='word_1_164' title='bbox 452 2217 656 2296; x_wconf 89' lang='lat' dir='ltr'>privandumst</span> <span class='ocrx_word' id='word_1_165' title='bbox 677 2235 800 2296; x_wconf 88' lang='lat' dir='ltr'>corpora</span> <span class='ocrx_word' id='word_1_166' title='bbox 823 2236 969 2299; x_wconf 90' lang='lat' dir='ltr'>quaeque,</span> 
     </span>
     <span class='ocr_line' id='line_1_25' title="bbox 167 2303 931 2394; baseline -0.001 -27"><span class='ocrx_word' id='word_1_167' title='bbox 167 2314 216 2367; x_wconf 91' lang='lat' dir='ltr'>aut</span> <span class='ocrx_word' id='word_1_168' title='bbox 238 2323 304 2366; x_wconf 91' lang='lat' dir='ltr'>esse</span> <span class='ocrx_word' id='word_1_169' title='bbox 327 2304 487 2366; x_wconf 81' lang='lat' dir='ltr'>admixtum</span> <span class='ocrx_word' id='word_1_170' title='bbox 510 2303 699 2366; x_wconf 89' lang='lat' dir='ltr'>dicundumst</span> <span class='ocrx_word' id='word_1_171' title='bbox 719 2305 808 2366; x_wconf 90' lang='lat' dir='ltr'>rebus</span> <span class='ocrx_word' id='word_1_172' title='bbox 826 2308 931 2394; x_wconf 66' lang='lat' dir='ltr'>ignaue,</span> 
     </span>
     <span class='ocr_line' id='line_1_26' title="bbox 166 2392 1035 2473; baseline -0.001 -18"><span class='ocrx_word' id='word_1_173' title='bbox 166 2394 244 2455; x_wconf 90' lang='lat' dir='ltr'>uude</span> <span class='ocrx_word' id='word_1_174' title='bbox 267 2395 372 2454; x_wconf 89' lang='lat' dir='ltr'>initum</span> <span class='ocrx_word' id='word_1_175' title='bbox 395 2395 523 2473; x_wconf 90' lang='lat' dir='ltr'>primum</span> <span class='ocrx_word' id='word_1_176' title='bbox 546 2395 641 2472; x_wconf 88' lang='lat' dir='ltr'>capiat</span> <span class='ocrx_word' id='word_1_177' title='bbox 662 2411 711 2454; x_wconf 92' lang='lat' dir='ltr'>res</span> <span class='ocrx_word' id='word_1_178' title='bbox 735 2412 867 2472; x_wconf 88' lang='lat' dir='ltr'>quaeque</span> <span class='ocrx_word' id='word_1_179' title='bbox 890 2392 1035 2455; x_wconf 86' lang='lat' dir='ltr'>movendi.</span> 
     </span>
     <span class='ocr_line' id='line_1_27' title="bbox 165 2480 848 2563; baseline -0.001 -20"><span class='ocrx_word' id='word_1_180' title='bbox 165 2489 315 2563; x_wconf 92' lang='lat' dir='ltr'>postremo</span> <span class='ocrx_word' id='word_1_181' title='bbox 338 2481 395 2541; x_wconf 92' lang='lat' dir='ltr'>duo</span> <span class='ocrx_word' id='word_1_182' title='bbox 419 2480 455 2542; x_wconf 93' lang='lat' dir='ltr'>de</span> <span class='ocrx_word' id='word_1_183' title='bbox 478 2498 624 2542; x_wconf 86' lang='lat' dir='ltr'>concursu</span> <span class='ocrx_word' id='word_1_184' title='bbox 646 2499 769 2560; x_wconf 87' lang='lat' dir='ltr'>corpora</span> <span class='ocrx_word' id='word_1_185' title='bbox 790 2481 848 2542; x_wconf 91' lang='lat' dir='ltr'>lata</span> 
     </span>
     <span class='ocr_line' id='line_1_28' title="bbox 95 2568 1096 2651; baseline -0.004 -22"><span class='ocrx_word' id='word_1_186' title='bbox 95 2577 150 2629; x_wconf 82' lang='lat'>385</span> <span class='ocrx_word' id='word_1_187' title='bbox 166 2573 192 2632; x_wconf 90' lang='lat' dir='ltr'>si</span> <span class='ocrx_word' id='word_1_188' title='bbox 215 2572 273 2632; x_wconf 89' lang='lat' dir='ltr'>cita</span> <span class='ocrx_word' id='word_1_189' title='bbox 295 2568 452 2650; x_wconf 89' lang='lat' dir='ltr'>dissiliant,</span> <span class='ocrx_word' id='word_1_190' title='bbox 474 2585 580 2648; x_wconf 90' lang='lat' dir='ltr'>nempe</span> <span class='ocrx_word' id='word_1_191' title='bbox 594 2573 654 2648; x_wconf 27' lang='lat' dir='ltr'>,aer</span> <span class='ocrx_word' id='word_1_192' title='bbox 676 2587 762 2631; x_wconf 92' lang='lat' dir='ltr'>omne</span> <span class='ocrx_word' id='word_1_193' title='bbox 784 2577 948 2651; x_wconf 86' lang='lat' dir='ltr'>necessest,</span> <span class='ocrx_word' id='word_1_194' title='bbox 1056 2582 1096 2625; x_wconf 73' lang='lat' dir='ltr'>aea</span> 
     </span>
     <span class='ocr_line' id='line_1_29' title="bbox 95 2656 848 2742; baseline 0.001 -25"><span class='ocrx_word' id='word_1_195' title='bbox 95 2667 149 2718; x_wconf 80' lang='grc'>330</span> <span class='ocrx_word' id='word_1_196' title='bbox 166 2661 243 2720; x_wconf 91' lang='lat' dir='ltr'>inter</span> <span class='ocrx_word' id='word_1_197' title='bbox 265 2675 389 2737; x_wconf 90' lang='lat' dir='ltr'>corpora</span> <span class='ocrx_word' id='word_1_198' title='bbox 412 2657 489 2736; x_wconf 92' lang='lat' dir='ltr'>quod</span> <span class='ocrx_word' id='word_1_199' title='bbox 511 2656 574 2737; x_wconf 89' lang='lat' dir='ltr'>liat,</span> <span class='ocrx_word' id='word_1_200' title='bbox 595 2656 728 2736; x_wconf 91' lang='lat' dir='ltr'>possidat</span> <span class='ocrx_word' id='word_1_201' title='bbox 740 2659 848 2742; x_wconf 61' lang='lat' dir='ltr'>mane:</span> 
     </span>
     <span class='ocr_line' id='line_1_30' title="bbox 166 2743 915 2826; baseline 0.003 -20"><span class='ocrx_word' id='word_1_202' title='bbox 166 2749 192 2808; x_wconf 91' lang='lat' dir='ltr'>is</span> <span class='ocrx_word' id='word_1_203' title='bbox 214 2764 303 2826; x_wconf 91' lang='lat' dir='ltr'>porro</span> <span class='ocrx_word' id='word_1_204' title='bbox 327 2746 458 2824; x_wconf 90' lang='lat' dir='ltr'>quamvis</span> <span class='ocrx_word' id='word_1_205' title='bbox 481 2747 592 2806; x_wconf 88' lang='lat' dir='ltr'>circum</span> <span class='ocrx_word' id='word_1_206' title='bbox 615 2743 812 2806; x_wconf 90' lang='lat' dir='ltr'>celerantibus</span> <span class='ocrx_word' id='word_1_207' title='bbox 834 2748 915 2808; x_wconf 88' lang='lat' dir='ltr'>auris</span> 
     </span>
     <span class='ocr_line' id='line_1_31' title="bbox 168 2833 1013 2914; baseline -0.001 -19"><span class='ocrx_word' id='word_1_208' title='bbox 168 2833 308 2914; x_wconf 81' lang='lat' dir='ltr'>confluat,</span> <span class='ocrx_word' id='word_1_209' title='bbox 330 2833 408 2894; x_wconf 94' lang='lat' dir='ltr'>haud</span> <span class='ocrx_word' id='word_1_210' title='bbox 430 2835 540 2912; x_wconf 89' lang='lat' dir='ltr'>poterit</span> <span class='ocrx_word' id='word_1_211' title='bbox 562 2839 659 2894; x_wconf 90' lang='lat' dir='ltr'>tamen</span> <span class='ocrx_word' id='word_1_212' title='bbox 682 2851 740 2893; x_wconf 94' lang='lat' dir='ltr'>uno</span> <span class='ocrx_word' id='word_1_213' title='bbox 763 2840 896 2914; x_wconf 92' lang='lat' dir='ltr'>tempore</span> <span class='ocrx_word' id='word_1_214' title='bbox 918 2840 1013 2895; x_wconf 93' lang='lat' dir='ltr'>totum</span> 
     </span>
     <span class='ocr_line' id='line_1_32' title="bbox 167 2916 1072 3002; baseline -0.001 -18"><span class='ocrx_word' id='word_1_215' title='bbox 167 2920 308 3002; x_wconf 91' lang='lat' dir='ltr'>compleri</span> <span class='ocrx_word' id='word_1_216' title='bbox 331 2923 470 3001; x_wconf 90' lang='lat' dir='ltr'>spatium:</span> <span class='ocrx_word' id='word_1_217' title='bbox 492 2939 560 2982; x_wconf 91' lang='lat' dir='ltr'>nam</span> <span class='ocrx_word' id='word_1_218' title='bbox 582 2922 712 3000; x_wconf 89' lang='lat' dir='ltr'>primum</span> <span class='ocrx_word' id='word_1_219' title='bbox 734 2939 881 3001; x_wconf 92' lang='lat' dir='ltr'>quemque</span> <span class='ocrx_word' id='word_1_220' title='bbox 904 2916 1072 2984; x_wconf 79' lang='lat' dir='ltr'>necessest-</span> 
     </span>
     <span class='ocr_line' id='line_1_33' title="bbox 95 3008 1097 3095; baseline -0.005 -25"><span class='ocrx_word' id='word_1_221' title='bbox 95 3019 152 3070; x_wconf 82' lang='grc'>300</span> <span class='ocrx_word' id='word_1_222' title='bbox 165 3017 289 3089; x_wconf 89' lang='lat' dir='ltr'>occupet</span> <span class='ocrx_word' id='word_1_223' title='bbox 306 3009 355 3070; x_wconf 94' lang='lat' dir='ltr'>ille</span> <span class='ocrx_word' id='word_1_224' title='bbox 378 3008 488 3089; x_wconf 91' lang='lat' dir='ltr'>locum,</span> <span class='ocrx_word' id='word_1_225' title='bbox 511 3008 616 3069; x_wconf 91' lang='lat' dir='ltr'>deinde</span> <span class='ocrx_word' id='word_1_226' title='bbox 629 3011 737 3095; x_wconf 64' lang='lat' dir='ltr'>omnia</span> <span class='ocrx_word' id='word_1_227' title='bbox 758 3010 973 3089; x_wconf 85' lang='lat' dir='ltr'>possideantur.</span> <span class='ocrx_word' id='word_1_228' title='bbox 1056 3024 1097 3065; x_wconf 82' lang='lat' dir='ltr'>aso</span> 
     </span>
     <span class='ocr_line' id='line_1_34' title="bbox 96 3097 964 3180; baseline 0.002 -22"><span class='ocrx_word' id='word_1_229' title='bbox 96 3099 245 3178; x_wconf 73' lang='lat' dir='ltr'>estquod</span> <span class='ocrx_word' id='word_1_230' title='bbox 268 3099 295 3158; x_wconf 95' lang='lat' dir='ltr'>si</span> <span class='ocrx_word' id='word_1_231' title='bbox 317 3097 392 3159; x_wconf 92' lang='lat' dir='ltr'>lorte</span> <span class='ocrx_word' id='word_1_232' title='bbox 410 3097 534 3178; x_wconf 89' lang='lat' dir='ltr'>aliquis,</span> <span class='ocrx_word' id='word_1_233' title='bbox 560 3116 627 3158; x_wconf 90' lang='lat' dir='ltr'>eum</span> <span class='ocrx_word' id='word_1_234' title='bbox 650 3115 773 3177; x_wconf 90' lang='lat' dir='ltr'>corpora</span> <span class='ocrx_word' id='word_1_235' title='bbox 796 3097 964 3180; x_wconf 88' lang='lat' dir='ltr'>dissiluere,</span> 
     </span>
     <span class='ocr_line' id='line_1_35' title="bbox 167 3186 909 3267; baseline -0.001 -19"><span class='ocrx_word' id='word_1_236' title='bbox 167 3195 230 3248; x_wconf 92' lang='lat' dir='ltr'>tum</span> <span class='ocrx_word' id='word_1_237' title='bbox 252 3192 336 3265; x_wconf 88' lang='lat' dir='ltr'>putat</span> <span class='ocrx_word' id='word_1_238' title='bbox 358 3186 388 3247; x_wconf 95' lang='lat' dir='ltr'>id</span> <span class='ocrx_word' id='word_1_239' title='bbox 412 3186 477 3246; x_wconf 86' lang='lat' dir='ltr'>fieri</span> <span class='ocrx_word' id='word_1_240' title='bbox 500 3187 568 3264; x_wconf 91' lang='lat' dir='ltr'>quia</span> <span class='ocrx_word' id='word_1_241' title='bbox 591 3203 623 3246; x_wconf 90' lang='lat' dir='ltr'>se</span> <span class='ocrx_word' id='word_1_242' title='bbox 646 3186 824 3248; x_wconf 87' lang='lat' dir='ltr'>condenseat</span> <span class='ocrx_word' id='word_1_243' title='bbox 845 3191 909 3267; x_wconf 78' lang='lat' dir='ltr'>aer,</span> 
     </span>
     <span class='ocr_line' id='line_1_36' title="bbox 102 3273 999 3356; baseline 0 -20"><span class='ocrx_word' id='word_1_244' title='bbox 102 3350 105 3356; x_wconf 14' lang='grc' dir='ltr'><em>Ι</em></span> <span class='ocrx_word' id='word_1_245' title='bbox 168 3282 259 3336; x_wconf 88' lang='lat' dir='ltr'>errat:</span> <span class='ocrx_word' id='word_1_246' title='bbox 282 3292 350 3334; x_wconf 92' lang='lat' dir='ltr'>nam</span> <span class='ocrx_word' id='word_1_247' title='bbox 372 3291 495 3335; x_wconf 88' lang='lat' dir='ltr'>vacuum</span> <span class='ocrx_word' id='word_1_248' title='bbox 517 3281 581 3334; x_wconf 92' lang='lat' dir='ltr'>tum</span> <span class='ocrx_word' id='word_1_249' title='bbox 602 3274 635 3334; x_wconf 90' lang='lat' dir='ltr'>lit</span> <span class='ocrx_word' id='word_1_250' title='bbox 657 3273 736 3352; x_wconf 93' lang='lat' dir='ltr'>quod</span> <span class='ocrx_word' id='word_1_251' title='bbox 758 3293 818 3335; x_wconf 93' lang='lat' dir='ltr'>nou</span> <span class='ocrx_word' id='word_1_252' title='bbox 841 3275 897 3336; x_wconf 85' lang='lat' dir='ltr'>luit</span> <span class='ocrx_word' id='word_1_253' title='bbox 919 3282 999 3356; x_wconf 92' lang='lat' dir='ltr'>ante,</span> 
     </span>
     <span class='ocr_line' id='line_1_37' title="bbox 167 3339 946 3453; baseline -0.001 -29"><span class='ocrx_word' id='word_1_254' title='bbox 167 3371 197 3424; x_wconf 87' lang='lat' dir='ltr'>et</span> <span class='ocrx_word' id='word_1_255' title='bbox 219 3361 349 3442; x_wconf 89' lang='lat' dir='ltr'>repletur</span> <span class='ocrx_word' id='word_1_256' title='bbox 371 3339 593 3453; x_wconf 56' lang='lat' dir='ltr'>iffiappum,</span> <span class='ocrx_word' id='word_1_257' title='bbox 612 3361 689 3441; x_wconf 92' lang='lat' dir='ltr'>quod</span> <span class='ocrx_word' id='word_1_258' title='bbox 713 3365 844 3424; x_wconf 88' lang='lat' dir='ltr'>constitit</span> <span class='ocrx_word' id='word_1_259' title='bbox 866 3370 946 3444; x_wconf 91' lang='lat' dir='ltr'>ante,</span> 
     </span>
     <span class='ocr_line' id='line_1_38' title="bbox 95 3450 1097 3533; baseline 0.001 -21"><span class='ocrx_word' id='word_1_260' title='bbox 95 3459 151 3512; x_wconf 83' lang='lat'>395</span> <span class='ocrx_word' id='word_1_261' title='bbox 164 3471 219 3513; x_wconf 90' lang='lat' dir='ltr'>nec</span> <span class='ocrx_word' id='word_1_262' title='bbox 242 3450 293 3512; x_wconf 88' lang='lat' dir='ltr'>tali</span> <span class='ocrx_word' id='word_1_263' title='bbox 314 3452 428 3511; x_wconf 91' lang='lat' dir='ltr'>ratione</span> <span class='ocrx_word' id='word_1_264' title='bbox 450 3457 548 3530; x_wconf 90' lang='lat' dir='ltr'>potest</span> <span class='ocrx_word' id='word_1_265' title='bbox 571 3450 724 3512; x_wconf 88' lang='lat' dir='ltr'>denserier</span> <span class='ocrx_word' id='word_1_266' title='bbox 746 3457 809 3533; x_wconf 79' lang='lat' dir='ltr'>adr,</span> <span class='ocrx_word' id='word_1_267' title='bbox 1057 3461 1097 3505; x_wconf 76' lang='lat'>⁸⁹⁶</span> 
     </span>
     <span class='ocr_line' id='line_1_39' title="bbox 96 3540 965 3622; baseline 0 -23"><span class='ocrx_word' id='word_1_268' title='bbox 96 3549 148 3599; x_wconf 81' lang='grc'>300</span> <span class='ocrx_word' id='word_1_269' title='bbox 165 3559 234 3622; x_wconf 90' lang='lat' dir='ltr'>nec,</span> <span class='ocrx_word' id='word_1_270' title='bbox 257 3542 283 3601; x_wconf 89' lang='lat' dir='ltr'>si</span> <span class='ocrx_word' id='word_1_271' title='bbox 305 3541 364 3600; x_wconf 92' lang='lat' dir='ltr'>iam</span> <span class='ocrx_word' id='word_1_272' title='bbox 386 3545 499 3620; x_wconf 93' lang='lat' dir='ltr'>posset,</span> <span class='ocrx_word' id='word_1_273' title='bbox 522 3541 586 3600; x_wconf 91' lang='lat' dir='ltr'>sine</span> <span class='ocrx_word' id='word_1_274' title='bbox 609 3540 690 3600; x_wconf 91' lang='lat' dir='ltr'>inani</span> <span class='ocrx_word' id='word_1_275' title='bbox 712 3547 825 3621; x_wconf 88' lang='lat' dir='ltr'>posset,</span> <span class='ocrx_word' id='word_1_276' title='bbox 848 3541 965 3622; x_wconf 90' lang='lat' dir='ltr'>opinor,</span> 
     </span>
     <span class='ocr_line' id='line_1_40' title="bbox 613 3633 680 3673; baseline 0 0"><span class='ocrx_word' id='word_1_277' title='bbox 613 3633 680 3673; x_wconf 49' lang='grc' dir='ltr'>κ</span> 
     </span>
    </p>
   </div>
   <div class='ocr_carea' id='block_1_6' title="bbox 0 0 1227 3998">
    <p class='ocr_par' dir='ltr' id='par_1_9' title="bbox 0 0 1227 3998">
     <span class='ocr_line' id='line_1_41' title="bbox 0 0 1227 3998; baseline 0 0"><span class='ocrx_word' id='word_1_278' title='bbox 0 0 1227 3998; x_wconf 95' lang='lat' dir='ltr'> </span> 
     </span>
    </p>
   </div>
  </div>
 </body>
</html>
