2438 3998
380 819 422 902 Τ.
446 818 672 903 LUORElTl
706 818 831 903 oniti

241 970 331 1067 DE
377 971 630 1068 RERUM
675 970 972 1069 NATURA

428 1141 562 1207 creuit
583 1140 778 1208 nunnius.

553 1303 659 1310 .-—.-....

154 1427 178 1487 E
201 1426 332 1488 tenebris
354 1428 445 1487 tantis
467 1433 527 1486 tam
550 1425 663 1487 clarum
686 1426 827 1488 extollere
851 1427 951 1488 lumen

155 1518 206 1593 qui
228 1518 343 1594 primus
365 1516 489 1593 potuisti
511 1514 673 1576 inlustrans
697 1514 850 1574 commoda
872 1517 962 1597 vitae,

155 1610 184 1662 te
208 1620 330 1683 sequor,
354 1620 370 1661 o
394 1600 497 1662 Graiae
521 1605 618 1681 gentis
641 1602 744 1683 decus,
768 1605 857 1680 inque
880 1605 940 1663 tuis
963 1621 1042 1663 nunc

155 1692 221 1750 licta
243 1691 353 1768 pedum
375 1708 452 1768 pono
475 1693 588 1769 pressis
611 1692 734 1768 vestigia
758 1691 864 1770 signis,

120 1792 214 1839 onon
237 1781 278 1838 ita
301 1777 434 1838 certandi
456 1778 581 1856 cupidus
604 1795 692 1855 quam
714 1785 836 1856 propter
858 1795 989 1837 amorem

156 1865 234 1943 quod
256 1872 286 1925 te
309 1868 419 1925 imitari
441 1884 525 1925 aveo:
549 1865 620 1944 quid
643 1868 722 1925 enim
746 1864 903 1925 contendat
924 1865 1052 1926 hirundo

156 1955 268 2032 cycnis,
292 1960 341 2013 aut
364 1952 503 2032 quidnam
525 1951 661 2013 tremulis
684 1953 781 2013 lacere
804 1952 926 2013 artubus
949 1953 1036 2014 haedi

156 2040 309 2101 consimile
332 2042 363 2100 in
386 2059 475 2101 cursu
497 2043 613 2120 possint
636 2047 666 2101 et
688 2041 773 2101 lortis
796 2042 866 2118 equi
889 2037 956 2102 vis?

155 2135 201 2209 tu,
223 2135 320 2209 pater,
344 2147 376 2187 es
398 2146 500 2189 rerum
522 2131 671 2209 inventor,
692 2135 726 2189 tu
747 2129 843 2206 patria
863 2127 949 2188 nobis

103 2232 137 2279 10
157 2216 327 2294 suppeditas
349 2224 519 2295 praecepta,
541 2219 660 2295 tuisque
684 2235 733 2296 er,
756 2215 880 2297 inclute,
904 2216 1027 2297 chartis,

155 2304 293 2363 ssorileris
316 2311 350 2364 ut
372 2322 442 2382 apes
465 2307 496 2364 in
519 2303 642 2365 saltibus
666 2305 764 2363 omnia
787 2303 892 2384 libant,

156 2394 253 2451 omnia
276 2409 331 2451 nos
354 2391 457 2451 itidem
479 2391 666 2470 depascimur
689 2409 778 2451 aurea
801 2390 893 2472 dieta,

156 2498 257 2560 aurea,
280 2487 422 2558 perpetua
445 2498 563 2558 semper
585 2480 759 2558 dignissima
781 2481 847 2538 rita.

155 2586 222 2627 nam
246 2566 334 2627 simul
357 2585 391 2627 ac
413 2569 489 2627 ratio
511 2574 561 2626 tua
585 2569 682 2646 coepit
704 2567 860 2626 vociferari

103 2670 135 2719 15
154 2665 290 2714 naturam
312 2672 425 2735 rerum,
449 2654 546 2715 divina
568 2661 667 2715 mente
691 2661 803 2735 coorta,

155 2743 312 2820 diffugiunt
334 2743 424 2802 animi
446 2749 590 2822 terrores,
612 2744 729 2802 moenia
751 2741 854 2802 mundi

155 2830 322 2910 discedunt,
345 2837 441 2890 totum
463 2830 548 2890 video
570 2832 734 2908 perinane
757 2831 821 2907 geri
844 2847 901 2890 res.

154 2925 275 2996 apparet
298 2918 398 2978 divum
419 2935 529 2979 numen
553 2917 697 2996 sedesque
721 2919 851 2998 quietae,

154 3024 227 3083 quas
250 3025 346 3085 neque
369 3007 542 3067 concutiunt
564 3007 645 3066 venti
667 3024 723 3065 nec
745 3004 846 3065 nubila
868 3004 978 3066 nimbis

101 3109 135 3156 20
154 3101 314 3172 aspergunt
336 3113 432 3173 neque
456 3096 506 3154 nix
530 3095 592 3153 acri
615 3100 753 3153 concreta
775 3095 883 3172 pruina

154 3198 225 3240 cana
249 3181 357 3242 cadens
380 3182 469 3243 violat
492 3197 667 3260 semperque
689 3179 842 3241 innubilus
865 3182 967 3243 aether

153 3269 271 3347 integit,
294 3276 324 3328 et
347 3269 426 3347 large
450 3270 557 3330 diffuso
580 3268 692 3329 lumine
715 3269 827 3329 rident:

153 3358 251 3416 omnia
275 3356 444 3435 suppeditat
465 3375 553 3435 porro
578 3364 694 3437 natura,
717 3374 813 3434 neque
836 3354 896 3416 ulle

152 3462 202 3504 res
224 3445 315 3504 animi
337 3462 440 3522 pacem
463 3444 572 3505 delibat
592 3451 723 3523 tempore
747 3447 778 3503 in
801 3443 871 3503 ullo.

150 3554 296 3595 Iruonmns.
310 3553 345 3593 od.
359 3553 484 3603 Brieger.
880 3549 895 3595 5
