2438 3998
156 232 222 296 200
565 227 756 282 Arrenius

157 388 246 444 Giuss.
267 388 352 442 etiarn
369 389 426 441 tres
440 387 635 441 antecedentes
654 388 683 440 et
695 388 752 440 tres
766 387 913 455 sequentes
925 401 1021 440 versus
1033 384 1168 455 secludit,

157 476 214 513 non
231 461 314 526 recte,
333 458 374 511 ita
392 456 467 511 enirn
483 457 546 511 loco
564 457 691 511 clausula
710 456 795 510 00000.
824 457 900 525 0000
916 472 980 510 vero
999 455 1039 509 ad
1056 456 1170 513 medios

157 546 259 596 versus,
269 526 433 583 nondubito
443 527 557 596 001001)
570 528 681 582 irrisore
690 526 789 581 inserti
798 527 861 581 sint.
872 558 906 568 —
915 526 926 599 t
935 532 1003 581 1340
1011 525 1022 599 ll
1031 525 1126 582 Giuss.
1134 559 1168 569 -

159 606 227 654 1355
252 607 360 654 terram
379 614 442 652 cum
459 598 517 652 Lm.
536 598 567 652 B.
586 598 637 653 Mr.
656 598 733 670 Brg.]
758 597 847 651 (tiuss.
870 604 944 653 terro
965 595 1021 663 OQ.
1042 598 1109 652 edd
1132 629 1166 638 —

158 676 227 724 1390
245 671 505 739 01000010ου00οω
522 671 638 725 adeant
655 670 758 724 solacia
775 671 865 724 00000
881 667 977 722 Lamb.
990 667 1053 722 Inn.
1069 669 1101 722 B.
1113 669 1165 723 Mr.

157 743 186 794 et
203 741 250 794 bic
263 740 377 809 quidem
390 739 529 793 dubitans.
548 756 640 794 somno
655 737 710 805 OQ.
726 738 825 807 Giuss,
839 738 889 807 qui
905 739 999 793 locum
1014 738 1167 794 Livienum

157 810 245 880 (XXV
259 817 300 878 16,
315 812 359 881 20)
374 809 455 864 affert
468 811 555 864 hunc:
569 811 650 865 00000
663 812 792 864 cadmiam
805 811 939 880 0000007000
950 810 1089 865 semaam
1100 827 1166 866 0000

156 883 238 936 morti
255 884 441 936 tacendarum:
459 881 508 934 000
525 880 567 934 ibi
585 880 696 948 dicitur,
714 880 763 948 qui
780 880 951 950 proditorem
967 879 1165 948 interfecisset,

156 952 254 1006 mortis
269 968 380 1006 sensum
396 951 528 1005 leviorem
545 951 686 1004 facturum
700 950 793 1004 laudis
807 950 990 1005 conscientia:
1008 951 1090 1019 quod
1101 967 1166 1005 reto

156 1022 203 1076 hic
225 1023 372 1090 leniretur,
394 1037 490 1076 somno
513 1021 537 1075 si
562 1021 756 1089 scriberemus,
781 1038 893 1075 somnus
918 1023 1002 1088 esset,
1026 1037 1093 1074 cum
1118 1022 1166 1076 de-

156 1092 236 1147 beret
258 1109 318 1147 esse
340 1092 490 1158 insomnia,
513 1109 564 1161 pro
587 1109 644 1160 qua
666 1108 793 1145 somnum
816 1092 873 1146 dici
892 1107 1093 1160 perseverum
1109 1109 1167 1146 uon

158 1166 207 1218 est.
237 1164 286 1232 qui
304 1164 378 1217 enim
397 1163 550 1216 docuerunt
567 1179 626 1216 rem
642 1177 693 1231 pro
712 1162 753 1216 rei
771 1161 882 1215 defectu
903 1162 971 1231 poni
987 1177 1074 1232 posse
1091 1178 1165 1217 erra

157 1235 230 1288 runt.
266 1235 369 1288 solacio
386 1237 475 1288 000000·
493 1235 587 1286 autem
605 1235 670 1286 sunt
687 1249 760 1302 quae
778 1233 868 1286 somni
885 1232 946 1287 loco
965 1232 1083 1301 dantur,
1103 1233 1166 1288 ‘ein

157 1307 247 1358 ersatz
269 1304 315 1357 fur
340 1304 394 1357 den
416 1303 526 1358 schlef’.
554 1334 588 1344 -
615 1309 683 1357 1393
697 1320 736 1372 00.
760 1305 855 1373 0101100
875 1320 950 1358 0000
971 1305 1037 1358 baec
1055 1312 1167 1374 accepta

156 1381 267 1430 tueatwr
280 1392 297 1429 >s
311 1382 336 1429 et
352 1392 494 1429 canaram
506 1390 613 1428 0000αο0
629 1391 713 1444 peaes
726 1375 856 1429 didicere:
872 1390 957 1444 00000
971 1372 1038 1442 OQ,
1058 1377 1167 1444 00000

156 1445 335 1499 Lachmanno
349 1447 378 1498 ct
392 1444 456 1498 aliis
468 1444 572 1498 frustra
584 1446 725 1497 tentatum
736 1446 786 1512 est,
801 1460 865 1498 cum
878 1442 998 1498 01010010
1012 1447 1043 1499 00
1055 1461 1166 1500 mecum

158 1516 260 1569 retinet
274 1514 373 1582 Ginss,
392 1515 442 1568 sed
457 1515 576 1569 lacunae
595 1515 705 1585 signum
723 1531 779 1568 non
798 1515 900 1569 subicit
912 1514 956 1567 illi
969 1522 1090 1584 00000000,
1109 1533 1166 1585 000

159 1586 260 1640 omisso
273 1585 371 1656 vigiles
390 1586 491 1639 aetatis
509 1585 692 1639 Lucretianae
711 1586 834 1654 antiquis
851 1585 1011 1639 hominibus
1026 1586 1166 1642 universis

158 1673 254 1710 vercor
270 1673 306 1710 ne
324 1657 419 1725 inepte
436 1658 618 1725 opponantur.
652 1656 701 1709 sed
719 1656 749 1709 in
762 1655 960 1710 commentario
974 1657 1167 1712 coniecturam

157 1727 290 1797 proponit
308 1727 419 1798 egregie
437 1728 632 1799 excogitatam.
669 1727 821 1794 existimat,
845 1743 909 1780 cum
930 1745 970 1780 vv.
991 1732 1062 1780 1382
1076 1745 1118 1797 00.
1138 1731 1167 1783 00

159 1803 227 1852 1407
247 1798 282 1851 00
300 1797 401 1865 fistula,
419 1816 443 1851 v.
464 1802 532 1851 1384
542 1815 581 1866 sq.
602 1798 637 1850 de
654 1797 738 1859 tibia,
761 1816 802 1853 vv.
822 1802 889 1851 1409
900 1814 940 1865 sq.
960 1797 996 1850 de
1014 1798 1085 1852 artis
1102 1815 1165 1869 per·

158 1867 279 1923 tectione
298 1869 410 1939 agatur,
428 1884 522 1922 versus
539 1869 581 1922 ita
600 1867 775 1921 collocandos
793 1883 865 1922 esse:
891 1872 1075 1922 1379-1983.
1095 1875 1165 1925 1405

159 1945 271 1993 -1408,
292 1945 359 1993 1380
370 1956 409 2006 00.
430 1943 611 1993 1390-1404.
632 1943 750 2006 138400.
788 1944 856 1992 1409
871 1955 924 2006 sq,
943 1953 998 2007 quo
1016 1938 1049 1992 in
1067 1940 1165 1995 ordine

159 2010 231 2063 nihil
254 2009 329 2078 quod
352 2008 476 2062 offendat
497 2009 617 2077 relinqui
639 2008 760 2077 videtur,
784 2009 840 2063 nisi
862 2010 937 2077 quod
957 2011 1076 2065 utente
1096 2012 1165 2066 artis

158 2079 293 2149 perfectio
321 2080 359 2134 ad
385 2080 483 2151 vigiles
510 2079 693 2146 referebatur,
721 2081 763 2133 ita
788 2097 863 2134 nunc
884 2079 936 2133 illa
957 2079 1094 2137 silvestris
1117 2083 1164 2137 de·

158 2150 274 2204 lectatio
289 2150 323 2203 de
342 2150 447 2203 eisdem
465 2150 521 2204 dici
539 2151 627 2205 videri
640 2153 740 2220 potest.
768 2150 859 2205 fateor
872 2152 967 2205 tamen
979 2166 1064 2220 posse
1077 2153 1165 2207 etiam

160 2221 198 2274 ad
210 2222 336 2289 pastores
350 2221 453 2274 referri.
473 2252 507 2261 -
527 2227 594 2274 1442
608 2223 719 2289 florebat
736 2223 879 2276 mrbus
892 2222 921 2293 0]
939 2221 1008 2274 item
1023 2220 1115 2277 Giuss.
1130 2255 1163 2264 -

161 2297 228 2345 1441
258 2291 370 2362 egregia
392 2290 476 2344 Pollii
503 2291 662 2345 coniectura
689 2294 782 2360 spreta
809 2290 898 2345 00000.
925 2292 1003 2346 corde
1026 2293 1165 2361 videbant,

160 2363 265 2416 aetites
291 2363 328 2414 ad
355 2378 488 2415 semmam
514 2361 597 2415 donec
619 2378 711 2416 cedere
737 2379 864 2417 cacumen
889 2360 998 2430 scribit,
1026 2364 1060 2416 ut
1086 2364 1165 2418 dicat

158 2434 244 2501 poeta
261 2430 423 2483 hominibus
446 2430 522 2483 anim
544 2432 572 2485 vi
594 2431 672 2485 aliud
695 2447 729 2485 ex
750 2431 806 2486 alio
828 2434 968 2502 repertum
990 2448 1063 2502 esse,
1087 2435 1166 2503 quod

159 2502 248 2556 latine
266 2501 307 2554 ita
326 2500 382 2554 dici
399 2517 480 2569 posse
498 2517 555 2554 non
573 2502 707 2555 existimo.

248 2572 287 2624 Vl
304 2577 337 2624 45
356 2573 465 2640 fierique
482 2580 610 2628 necessest
627 2572 689 2654 Brg.
710 2571 799 2626 (10000.
819 2604 851 2612 -
870 2590 897 2641 p.
918 2579 968 2626 173
986 2572 1036 2627 inf.
1051 2575 1100 2645 [56
1111 2577 1165 2649 sq.]

161 2669 194 2688 =
213 2648 247 2696 88
262 2660 301 2710 00.
326 2644 370 2711 (90
384 2659 423 2709 sq.
442 2641 519 2713 Lm).
549 2675 581 2682 -
610 2647 642 2697 81
666 2642 816 2697 rnfeliciter
838 2642 927 2697 Giuss.
951 2650 989 2698 est
1010 2647 1085 2701 ratio
1105 2690 1112 2702 .
1133 2691 1139 2702 .
1158 2691 1163 2702 .

160 2714 280 2768 tenenda
299 2711 436 2779 defendit,
456 2729 520 2766 curn
538 2713 607 2767 dicit
623 2715 718 2767 tenere
736 2729 796 2767 csse
814 2713 907 2767 animo
920 2716 1024 2782 tenere,
1041 2716 1165 2772 retinere

160 2784 332 2854 (‘ritenere'),
351 2784 432 2851 00001
450 2783 512 2852 0010
531 2784 640 2852 0110010
652 2786 745 2838 mente
758 2784 878 2838 retinere
890 2785 991 2854 possit,
1010 2788 1165 2857 antequam

161 2855 297 2908 didicerit.
322 2855 432 2908 accedit
445 2855 528 2922 quod,
547 2871 611 2908 curn
624 2855 661 2908 ad
678 2855 709 2907 id
722 2856 798 2923 0000
811 2855 936 2924 sequitur
949 2858 1082 2927 canenda,
1096 2861 1166 2915 mebi

159 2925 380 2996 intellegendum
393 2925 442 2994 sit,
461 2926 499 2978 ad
515 2927 631 2981 00000010
643 2923 719 2978 idem
732 2925 809 2979 nullo
822 2926 905 2979 modo
918 2926 1048 3000 intellegi
1059 2931 1163 2999 potest,

181 2998 253 3049 otest
271 2996 308 3048 00
327 3039 367 3050 ...
385 2997 520 3064 ponenda,
538 2996 614 3064 quod
628 3011 680 3066 ego
694 2996 799 3064 scripsi.
822 2997 902 3066 peius
917 2996 1003 3050 etiarn
1017 3000 1067 3066 est,
1088 3002 1165 3070 0000

159 3014 249 3119 tinas.
273 3068 345 3120 ratic
357 3069 543 3135 speciesque
556 3066 660 3133 scribit,
675 3066 751 3135 quod
763 3082 853 3134 neque
865 3083 917 3136 per
931 3083 960 3121 00
973 3066 1041 3122 ferri
1056 3072 1087 3124 et
1101 3088 1165 3126 cum

160 3137 244 3190 verbo
262 3138 370 3191 teaeada'
391 3136 469 3190 nullo
490 3137 574 3189 modo
591 3138 659 3205 poni
676 3138 776 3205 potest.
797 3167 830 3177 -
849 3143 939 3192 83
959 3139 1032 3206 qaid
1046 3141 1166 3207 faciant

160 3206 216 3272 OQ.
236 3207 297 3261 edd.
314 3206 450 3261 (10000.-
469 3206 479 3279 ΙΙ
498 3207 736 3278 100-10511Brg.
756 3206 845 3261 Giuss.
865 3238 898 3248 -
918 3213 969 3262 101
989 3250 1039 3264 ...
1058 3211 1166 3281 lapidea

159 3285 185 3332 et
199 3279 278 3348 lipara
292 3278 377 3331 etiam
386 3277 475 3331 01000.
490 3308 523 3317 -
539 3283 589 3330 112
604 3279 774 3344 chartasque
787 3278 873 3331 etiam
882 3277 971 3334 00000.
986 3311 1020 3320 -
1036 3285 1088 3335 126
1102 3299 1166 3338 coa-

159 3349 259 3403 caluit
271 3349 457 3418 0100010000).Ι
471 3349 628 3402 comminuit
636 3363 699 3401 cum
709 3347 763 3413 OQ.
775 3350 804 3402 00
812 3349 871 3404 Lm.
882 3347 984 3404 Giuss.:
999 3350 1166 3422 seducerent,

159 3418 268 3486 000010
282 3419 313 3471 id
327 3420 362 3472 00
375 3417 448 3471 nube
463 3417 519 3471 dici
533 3420 690 3489 cognoscat,
707 3435 774 3472 nam
792 3420 977 3474 comminuere
989 3420 1096 3475 nubem
1108 3440 1168 3479 non

160 3491 236 3543 idem
249 3489 377 3557 estquod
388 3487 471 3542 nubis
484 3489 605 3558 parietes
619 3490 759 3545 tenuiores
768 3492 892 3546 reddere.
902 3522 936 3531 —
948 3496 998 3544 129
1014 3533 1055 3546 ...
1072 3491 1167 3551 (11000.

160 3578 221 3615 aaa
240 3577 387 3630 ..saepe
408 3561 449 3615 00
471 3561 524 3616 dot
545 3575 711 3628 0000000000
732 3564 858 3619 sonitum.
890 3561 1059 3617 indicativus
1083 3565 1168 3636 typo·
