2438 3998
579 253 618 308 VI
1041 255 1104 318 193

170 405 304 478 tempore
327 419 362 460 eo
387 405 413 461 si
436 402 584 462 odoratast
607 420 665 482 quo
688 409 840 463 menstrua
864 402 957 463 solvit.

100 503 153 553 100
171 488 321 567 multaque
344 497 496 568 praeterea
519 490 687 569 languentia
708 489 841 550 membra
863 509 916 569 per
939 498 1020 551 artus

172 574 288 637 solvunt
311 584 397 656 atque
421 580 548 638 animam
570 578 745 640 labefactant
767 577 886 638 sedibus
908 581 1001 651 intus,

172 665 300 743 denique
324 668 350 725 si
373 665 475 726 calidis
499 669 587 727 etiam
610 673 749 727 cunctere
772 665 896 727 lavabris

99 760 158 810 800
171 753 288 831 plenior
311 761 341 814 et
362 754 468 835 fueris,
492 754 564 814 solio
587 755 727 815 ferventis
750 757 836 832 aquai
1064 778 1104 818 coo

173 859 260 919 quam
284 841 368 902 facile
391 845 422 902 in
445 843 541 903 medio
564 843 597 902 fit
618 844 663 903 uti
685 842 738 903 des
761 860 847 920 saepe
870 840 984 904 ruinasl

101 944 153 994 105
173 928 392 1009 carbonumque
416 934 512 1010 gravis
535 933 579 990 vis
602 938 688 1010 atque
712 930 784 990 odor
806 932 972 991 insinuatur

173 1035 260 1095 quam
279 1018 364 1079 facile
383 1021 414 1079 in
431 1019 594 1100 cerebrum,
612 1021 672 1079 nisi
686 1037 791 1098 aquam
804 1021 1008 1098 praecepimus
1023 1018 1102 1080 autel

173 1113 203 1165 01
225 1124 292 1166 cum
315 1107 446 1167 membra
468 1107 596 1167 hominis
618 1110 752 1186 percepit
775 1107 915 1168 fervidior
936 1109 993 1188 vis,

596 1213 613 1252 ἡ

100 1287 158 1340 805
175 1289 238 1343 tum
260 1283 293 1342 fit
317 1282 389 1342 odor
411 1284 472 1342 vini
494 1282 596 1362 plagae
618 1282 781 1344 mactabilis
804 1286 904 1344 instar.
1065 1305 1104 1346 eos
1162 1353 1166 1360 ¹

173 1388 270 1430 nonne
293 1370 375 1430 vides
399 1374 486 1431 etiam
509 1377 588 1432 terra
613 1389 728 1451 quoque
752 1371 855 1450 sulpur
877 1374 908 1431 in
930 1373 994 1450 ipsa

100 1473 155 1524 800
173 1460 288 1536 gignier
311 1465 340 1518 et
362 1465 456 1518 taetro
480 1477 670 1520 concrescere
694 1459 783 1520 odore
806 1459 952 1540 bitumen3

174 1546 301 1625 denique
324 1545 376 1606 ubi
399 1549 512 1625 argenti
533 1560 622 1608 venas
646 1551 768 1626 aurique
794 1555 947 1629 secuntur,

173 1637 264 1695 terrai
285 1637 403 1713 penitus
427 1643 592 1696 scrutantes
614 1635 711 1696 abdita
733 1635 825 1716 ferro,

100 1729 159 1780 810
173 1722 267 1801 qualis
290 1725 405 1802 expiret
428 1722 617 1802 Scaptensula
643 1722 745 1784 subter
768 1720 894 1784 odores?
1065 1746 1104 1786 uo

175 1811 281 1889 quidve
304 1811 373 1871 mali
395 1810 429 1870 frt
451 1818 484 1871 ut
507 1811 642 1871 exhalent
664 1816 765 1872 aurata
786 1809 914 1872 metalla!

100 1913 247 1978 adaquas
269 1899 422 1961 bominum
445 1899 572 1959 reddunt
595 1899 684 1960 facies
707 1899 858 1978 qualisque
882 1896 1009 1961 coloresl

174 2005 271 2048 nonne
293 1988 375 2048 rides
398 1987 518 2048 audisve
540 1989 638 2066 perire
661 1990 846 2066 intempore
869 2004 957 2066 parvo

175 2092 261 2154 quam
285 2076 409 2157 soleant,
433 2083 462 2136 et
485 2094 571 2155 quam
595 2078 664 2136 vitai
687 2078 770 2154 copia
793 2075 882 2156 desit,

100 2170 158 2221 815
174 2182 247 2242 qnos
271 2178 359 2243 opere
382 2167 413 2225 in
436 2164 488 2224 tali
510 2164 627 2225 cohibet
649 2167 693 2224 vis
715 2181 819 2242 magna
841 2159 994 2224 uecessis?
1063 2184 1104 2226 00

174 2252 229 2312 hos
252 2255 342 2330 igitur
363 2252 451 2313 tellus
475 2255 570 2312 omnis
593 2258 745 2313 exaestuat
766 2259 864 2312 aestus

102 2356 156 2405 elo
175 2342 345 2419 expiratque
368 2341 447 2401 foras
469 2343 500 2400 in
523 2347 657 2420 apertum
679 2348 871 2419 promptaque
894 2337 975 2399 00011.

219 2428 269 2489 Slc
293 2435 322 2489 et
344 2429 456 2490 Averna
479 2429 543 2489 loca
565 2428 683 2489 alitibus
707 2430 889 2489 summittere
912 2426 1021 2487 debent

175 2516 356 2576 mortiferam
378 2519 449 2597 vim,
473 2517 508 2577 de
532 2524 611 2578 terra
634 2535 708 2596 quae
731 2518 826 2594 surgit
847 2517 879 2576 10
902 2533 1000 2596 auras,

101 2612 162 2663 800
176 2612 209 2666 01
231 2607 358 2684 spatium
381 2605 454 2665 caeli
478 2605 601 2684 quadam
625 2605 660 2666 de
682 2612 765 2684 parte
788 2609 925 2684 venenet3
1064 2625 1104 2665 eso

176 2710 232 2771 000
256 2692 344 2754 simul
366 2712 400 2754 ac
422 2695 550 2772 primum
572 2696 678 2772 pennis
702 2692 796 2753 delata
818 2695 857 2752 sit
879 2691 953 2772 ales,

102 2794 156 2845 815
175 2781 352 2859 impediatur
374 2781 416 2842 ibi
439 2799 524 2842 cacco
548 2788 682 2860 correpta
704 2794 829 2860 veneno,

176 2876 208 2929 ut
231 2869 314 2930 eadat
336 2887 353 2930 e
376 2871 497 2947 regione
519 2869 589 2949 loci,
613 2887 669 2947 qua
692 2868 799 2947 derigit
821 2874 928 2927 aestus.

177 2975 233 3035 quo
257 2976 323 3017 cum
347 2960 476 3038 conruit,
498 2956 547 3017 bic
569 2956 671 3017 eadem
694 2958 738 3016 vis
761 2954 841 3016 illius
863 2961 962 3014 aestus

101 3051 162 3102 825
173 3044 313 3124 reliquias
335 3048 411 3105 vitae
434 3044 575 3105 membris
599 3062 634 3104 ex
658 3043 793 3105 omnibus
817 3042 918 3103 aufert
1064 3061 1105 3102 crs

176 3135 284 3213 quippe
312 3135 420 3194 etenim
445 3135 541 3212 primo
565 3135 649 3210 quast
671 3132 816 3212 quendam
840 3131 954 3190 conciet
977 3135 1104 3188 aestum:

102 3235 156 3284 800
173 3223 321 3301 posterius
343 3221 377 3281 fit
399 3223 456 3302 uti,
479 3236 546 3281 cum
569 3223 627 3281 iam
650 3220 783 3281 cecidere
806 3219 912 3279 veneni

174 3313 205 3370 in
229 3310 317 3370 fontis
339 3312 434 3390 ipsos,
459 3309 502 3369 ibi
525 3311 564 3371 sit
586 3326 702 3387 000000
724 3310 782 3369 vita
804 3306 946 3367 vomenda

172 3405 328 3477 propterea
352 3397 432 3476 quod
453 3415 557 3477 magna
579 3396 649 3456 mali
671 3398 704 3456 fit
726 3398 808 3475 copia
831 3398 952 3456 circum.

100 3494 159 3545 830
216 3485 265 3546 Fit
278 3504 395 3566 quoque
406 3493 439 3546 ut
447 3486 595 3547 interdum
605 3487 648 3544 vis
658 3484 730 3545 haec
740 3492 826 3562 atque
837 3490 935 3544 aestus
945 3482 1052 3542 Averni
1065 3503 1106 3544 sao

173 3580 254 3655 aera,
277 3576 329 3653 001
351 3577 430 3635 inter
453 3577 513 3635 avis
535 3580 690 3652 cumquest
712 3579 880 3651 terramque
904 3570 1029 3651 locatus,
1098 3615 1100 3619 .

155 3684 298 3726 homnine.
313 3685 348 3727 ed.
361 3685 428 3725 Bria
433 3695 487 3736 ger.
859 3675 891 3725 13
