2438 3998
115 223 179 286 194
598 222 637 275 VI

112 388 165 436 825
185 370 335 449 discutiat,
357 387 448 447 prope
472 370 516 428 uti
538 367 620 428 locus
643 369 691 428 bic
714 368 864 447 linquatur
886 371 991 430 inanis.

185 460 268 518 ouius
291 456 343 516 ubi
365 475 381 516 e
404 459 523 535 regione
549 456 607 516 loci
628 475 736 518 venere
759 457 903 538 volantes,

185 545 328 605 claudicat
351 545 496 623 extemplo
519 547 676 624 pinnarum
698 547 782 605 nisus
804 547 914 625 inanis,

113 640 169 692 835
184 640 214 693 et
236 650 378 694 conamen
401 636 549 711 utrimque
572 633 683 694 alarum
705 633 841 712 proditur
864 651 958 693 omne.
1081 657 1121 698 sas

184 721 233 781 bio
254 721 306 782 ubi
328 723 424 781 nixari
446 728 597 800 nequeunt
618 723 814 800 insistereque
838 721 905 802 alis,

114 825 167 874 888
185 809 310 891 scilicet,
333 811 364 869 in
387 816 496 870 terram
520 808 616 869 delabi
637 809 768 887 pondere
791 811 869 889 cogit

185 905 300 978 natura,
324 904 354 958 et
375 915 499 958 vacuum
520 915 612 976 prope
635 900 694 957 iam
715 916 770 976 per
791 900 878 958 inane
901 900 1033 958 iacentes

185 986 358 1065 dispergunt
380 988 491 1046 animas
513 1004 567 1064 per
590 985 686 1045 caulas
710 989 843 1065 corporis
867 988 970 1045 omnis.

606 1094 623 1131 g

114 1170 170 1220 840
183 1155 193 1246 ll
206 1161 341 1240 frigidior
362 1179 450 1240 porro
474 1163 505 1221 in
527 1164 624 1240 puteis
648 1168 758 1222 aestate
780 1162 814 1221 tit
835 1180 935 1242 umor,
1081 1185 1121 1225 ooo

185 1251 308 1310 rarescit
331 1251 399 1327 quia
420 1256 500 1309 terra
523 1249 632 1329 calore,
656 1256 685 1310 et
708 1252 820 1310 semina
842 1253 869 1310 si
891 1268 966 1328 quae

115 1354 167 1404 835
187 1338 261 1398 forte
283 1339 400 1415 uaporis
422 1336 510 1397 babet
531 1339 657 1418 proprii,
680 1337 801 1398 dimittit
823 1340 854 1398 in
877 1356 972 1398 auras.

186 1443 244 1504 quo
266 1427 359 1503 magis
382 1432 427 1485 est
450 1427 540 1503 igitur
561 1425 649 1485 tellus
672 1425 758 1486 effeta
781 1425 890 1505 calore,

186 1515 219 1573 fit
241 1531 357 1592 quoque
380 1513 515 1592 frigidior
538 1516 589 1592 qui
611 1516 643 1573 in
665 1519 773 1574 terrast
795 1514 911 1574 abditus
935 1532 1030 1573 umor.

115 1609 170 1661 845
187 1602 295 1680 frigore
318 1619 385 1662 cum
407 1603 552 1680 premitur
573 1619 662 1680 porro
686 1604 781 1662 omnis
803 1609 883 1662 terra
905 1604 1023 1680 coitque
1079 1625 1119 1666 eos

186 1697 216 1750 et
238 1691 322 1768 quasi
345 1692 521 1770 concrescit,
544 1690 589 1770 fit,
612 1689 738 1770 sedicet,
761 1697 794 1750 ut
816 1690 947 1751 coeundo

116 1794 167 1844 840
186 1780 329 1856 exprimat
351 1780 383 1838 in
404 1785 509 1856 puteos
532 1779 558 1837 si
581 1796 669 1856 quem
691 1780 768 1856 gerit
789 1780 853 1856 ipsa
876 1777 1013 1838 calorem.
1031 1776 1043 1857 11

228 1865 301 1926 Esse
325 1865 401 1944 apud
423 1865 593 1926 Hammonis
615 1867 715 1926 fanum
737 1866 803 1926 fons
825 1865 890 1926 luce
914 1866 1020 1927 diurna

186 1953 310 2033 frigidus
334 1961 363 2014 et
385 1953 497 2014 calidus
519 1961 663 2015 nocturno
686 1961 818 2033 tempore
841 1954 942 2015 fertur.

115 2049 172 2101 850
184 2042 263 2102 huno
284 2042 418 2102 homines
441 2042 553 2102 fontem
574 2044 663 2102 nimis
685 2042 866 2103 admirantum
889 2050 918 2102 et
940 2045 1002 2103 acri
1079 2065 1118 2107 eso

186 2129 247 2190 sole
269 2137 372 2209 putant
395 2137 497 2208 supter
518 2138 613 2190 terras
635 2130 800 2191 fervescere
822 2133 942 2211 raptim,

114 2241 166 2292 845
185 2236 243 2278 uox
266 2217 317 2278 ubi
339 2217 467 2278 terribili
487 2225 583 2279 terras
606 2218 729 2298 caligine
750 2220 833 2279 texit.

186 2305 263 2384 quod
285 2307 374 2365 nimis
398 2324 414 2366 a
436 2314 533 2368 verast
554 2305 640 2385 longe
662 2308 774 2366 ratione
797 2312 956 2366 remotum:

186 2397 307 2474 quippe,
330 2393 382 2454 ubi
404 2393 448 2454 sol
470 2394 581 2454 nudum
604 2400 788 2454 contractans
811 2412 918 2473 corpus
941 2397 1029 2472 aquai

115 2498 171 2548 855
187 2499 246 2542 non
269 2484 379 2560 quierit
402 2482 528 2543 calidum
551 2499 657 2559 supera
680 2481 715 2541 de
738 2482 863 2542 reddere
884 2489 981 2563 parte,
1078 2505 1119 2546 oxa

185 2588 253 2630 cum
275 2587 415 2649 superum
438 2570 537 2630 lumen
558 2576 639 2629 tanto
662 2568 777 2630 fervore
800 2569 927 2649 fruatur,

115 2675 167 2724 850
186 2661 237 2737 qui
259 2665 346 2737 queat
367 2658 417 2719 bio
439 2664 541 2736 supter
561 2663 621 2716 tam
644 2675 744 2717 crasso
768 2676 890 2736 corpore
913 2664 1025 2718 terram

185 2764 365 2826 percoquere
388 2763 522 2805 umorem
545 2751 575 2804 et
597 2743 689 2805 calido
714 2747 820 2805 satiare
843 2743 971 2823 vapore?

184 2838 359 2913 praesertim
382 2850 449 2894 cum
471 2835 519 2892 vix
541 2835 635 2911 possit
657 2851 710 2912 per
733 2840 815 2912 septa
838 2832 992 2894 domorum

114 2930 172 2981 850
185 2925 335 2983 insinuare
358 2939 444 2983 suum
466 2920 557 2980 radiis
580 2920 751 2981 ardentibus
773 2927 894 2982 aestum.
1079 2947 1120 2986 seo

186 3029 259 3089 quae
282 3013 387 3071 ratiost
408 3005 519 3087 igitur?
554 3010 707 3090 nimirum,
729 3016 809 3070 terra
831 3011 923 3087 magis
946 3010 1027 3087 quod

114 3114 166 3165 855
185 3117 251 3159 rara
272 3105 354 3176 tepet
375 3099 488 3157 circum
510 3097 620 3157 fontem
643 3115 731 3176 quam
753 3104 852 3158 cetera
872 3097 973 3177 tellus,

184 3186 333 3263 multaque
356 3191 425 3245 sunt
447 3185 523 3262 ignis
545 3203 637 3265 prope
660 3187 773 3246 semina
795 3203 902 3265 corpus
924 3188 1019 3263 aquai.

184 3274 240 3334 boc
262 3273 314 3333 ubi
336 3273 470 3333 roriferis
492 3279 601 3334 terram
624 3291 682 3333 nox
706 3272 804 3333 obruit
825 3274 952 3354 umbris,

113 3368 169 3420 865
185 3360 330 3440 extemplo
354 3360 457 3421 subtus
480 3361 612 3440 frigescit
633 3368 713 3421 terra
736 3362 865 3440 coitque:
894 3404 898 3410 «
1079 3386 1120 3427 sos

183 3450 238 3510 hac
260 3451 373 3509 ratione
396 3449 495 3529 litut,
517 3457 666 3527 tamquam
689 3466 857 3527 compressa
878 3467 967 3509 mauu
990 3452 1042 3530 sit,

32 3536 36 3541 ’
98 3555 156 3604 880
176 3541 327 3621 exprimat
351 3540 383 3602 iu
407 3538 518 3601 fontem
541 3554 615 3618 quae
638 3539 750 3597 semina
773 3555 897 3616 cumque
919 3537 1009 3598 habet
1029 3541 1121 3622 ignis,
