2438 3998
139 225 160 290 8
630 225 644 282 1

211 374 336 441 discidio
358 372 485 434 redeunt
505 374 537 432 in
559 385 682 454 corpora
703 374 845 435 materiai.

140 471 198 523 250
212 469 361 544 postremo
383 468 510 540 pereunt
530 461 654 543 imbres,
676 460 729 523 ubi
750 478 801 523 eos
816 466 906 540 *pater
928 460 1029 522 aether
1099 474 1139 514 eoo

141 554 244 612 54515
266 551 412 630 gremium
433 550 536 610 matris
558 552 650 611 terrai
670 551 885 630 praecipitavit:

213 646 243 701 at
264 639 374 699 nitidae
397 644 522 716 surgunt
543 639 655 719 fruges,
678 640 810 717 ramique
831 637 982 698 virescunt

213 726 381 807 arboribus,
403 733 541 787 crescunt
562 729 643 806 ipsae
667 726 785 805 ictuque
803 732 972 806 gravantem

212 817 281 877 hino
304 814 392 875 alitur
405 832 502 894 porro
524 822 658 876 nostrum
680 832 773 894 genus
795 823 881 894 atque
904 813 1045 894 terarum3

142 912 200 966 255
213 905 283 965 hinc
304 902 395 964 laetas
416 901 506 963 urbes
531 905 632 983 pueris
653 903 761 964 'florere
783 902 930 983 uidemus,

144 1001 196 1051 550
215 991 448 1071 frondiferasque
470 994 554 1052 novis
577 991 679 1053 ovibus
700 1004 806 1053 cauere
829 990 959 1069 undique
982 987 1081 1071 silvas3
1101 1001 1140 1043 2⁶⁵

214 1081 284 1142 binc
306 1081 400 1141 fessae
423 1078 551 1158 pecudes
556 1081 676 1228 Qu
697 1097 752 1159 per
773 1077 878 1159 pabula
900 1077 975 1138 laeta

216 1186 339 1248 corpora
361 1167 523 1248 deponunt,
546 1174 576 1229 et
597 1184 652 1229 oen
673 1183 726 1228 ons
748 1166 859 1228 lacteus
880 1183 967 1228 umor

215 1256 357 1318 uberibus
379 1262 477 1315 manat
499 1255 648 1337 distentis3
669 1256 739 1316 hinc
760 1269 835 1317 nova
856 1253 955 1334 proies

144 1355 203 1406 200
217 1344 339 1406 artubus
361 1344 487 1404 infirmis
508 1350 626 1404 teneres
648 1342 754 1404 lasciva
775 1360 830 1423 per
850 1342 957 1403 herbas
1102 1355 1143 1395 2⁶0

146 1431 387 1493 2551511115515
409 1449 491 1492 mero
513 1438 627 1493 mentes
648 1431 784 1511 perculsa
805 1429 942 1492 novellas.

216 1519 294 1582 haud
316 1521 407 1599 igitur
428 1522 546 1599 penitus
567 1526 694 1600 pereunt
716 1529 915 1600 quaecumque
938 1518 1088 1599 uidentur,

218 1608 333 1690 quando
356 1607 414 1669 alid
436 1627 473 1669 ex
496 1607 552 1669 alio
574 1609 670 1670 refluit
691 1616 796 1670 natura
818 1620 874 1669 nee
897 1605 985 1667 ullam

217 1717 281 1760 rem
303 1699 386 1777 gigni
406 1699 516 1776 patitur
538 1699 597 1759 nisi
618 1703 712 1758 morte
735 1697 834 1758 adiuta
855 1694 957 1758 aliena.

148 1795 205 1847 205
263 1786 347 1847 Nunc
369 1803 435 1866 age,
457 1800 506 1846 res
528 1787 666 1866 quoniam
688 1785 775 1846 docui
796 1794 856 1845 non
877 1801 964 1863 posse
988 1785 1083 1844 creari
1104 1795 1144 1836 26⁵

148 1882 201 1932 260
219 1874 255 1934 de
277 1874 337 1934 nilo
360 1888 456 1953 neque
478 1876 550 1935 item
572 1877 684 1954 genitus
707 1873 743 1935 ad
764 1873 808 1934 nil
830 1874 972 1952 revocari,

220 1981 256 2023 ne
280 1980 337 2041 qua
359 1962 434 2023 forte
457 1968 554 2023 tamen
576 1970 695 2042 coeptes
717 1961 851 2023 diffidere
873 1960 973 2040 dictis,

221 2050 298 2130 quod
320 2056 471 2128 nequeunt
493 2050 586 2111 oculis
609 2068 709 2112 rerum
731 2049 890 2130 primordia
913 2049 1008 2128 cerni,

221 2139 320 2216 accipe
342 2144 494 2216 praeterea
517 2157 590 2217 quae
614 2156 737 2218 corpora
758 2145 821 2199 tute
843 2143 995 2198 necessest

149 2233 207 2286 270
221 2225 378 2287 confiteare
400 2243 466 2286 esse
488 2228 520 2286 in
541 2225 631 2287 rebus
653 2245 709 2288 nec
730 2244 817 2306 posse
839 2225 941 2287 videri.
1107 2239 1146 2278 2⁶10

150 2317 203 2370 265
220 2313 367 2393 principio
389 2314 469 2374 renti
491 2316 534 2375 vis
556 2314 692 2375 verberat
713 2316 803 2375 incita
825 2320 931 2393 corpus

221 2403 407 2480 ingentisque
429 2403 490 2462 ruit
511 2405 593 2463 navis
617 2409 647 2463 et
667 2402 768 2463 nubila
790 2386 905 2483 differt}

222 2489 371 2550 interdum
393 2490 495 2567 rapido
516 2508 694 2570 percurrens
716 2489 835 2552 turbine
857 2506 975 2569 compos

223 2575 377 2638 arboribus
398 2581 511 2658 magnis
534 2574 639 2641 sternit
661 2581 828 2658 montisque
851 2595 1004 2658 supremos

149 2672 206 2726 275
222 2665 378 2744 silvifragis
400 2674 485 2728 verat
505 2667 619 2729 flabris:
641 2669 682 2728 ita
703 2667 830 2748 perfurit
851 2669 912 2728 acri
1108 2679 1148 2718 20

152 2760 204 2811 270
223 2772 290 2814 cum
312 2753 432 2815 fremitu
454 2759 603 2835 saevitque
625 2758 733 2817 minaci
754 2772 906 2817 murmure
928 2761 1041 2814 ventus.

223 2849 292 2903 sunt
314 2844 405 2920 igitur
425 2846 517 2926 venti,
539 2847 693 2925 nimirum,
715 2862 838 2924 corpora
860 2852 959 2923 55555,

223 2948 298 3010 quae
319 2947 414 3012 mare,
436 2950 510 3011 quac
532 2939 640 3014 terras,
663 2951 737 3012 quae
760 2932 887 3012 denique
909 2929 1009 2992 nubila
1032 2928 1105 2990 caeli

224 3024 345 3081 verrunt
367 3037 400 3079 ac
424 3019 520 3081 subito
542 3022 675 3082 vexantia
697 3020 814 3082 turbine
836 3026 965 3099 raptent,

153 3115 211 3167 280
224 3126 280 3168 nec
302 3110 415 3168 ratione
437 3108 533 3170 fluunt
554 3108 610 3170 5115
632 3117 817 3189 stragemque
839 3114 1013 3187 propagant,
1111 3120 1151 3160 2⁸⁰

155 3204 206 3252 275
226 3203 256 3257 et
278 3213 345 3256 oum
367 3196 464 3257 mollis
487 3215 578 3277 aquae
601 3198 695 3258 fertur
716 3205 820 3259 nature
841 3203 963 3276 repente

224 3284 345 3345 flumine
368 3285 540 3367 abrmdanti,
563 3304 651 3364 quom
672 3285 762 3366 lurgis
784 3284 929 3346 imbribus
951 3290 1037 3363 urget

224 3372 373 3435 montibus
396 3393 433 3435 ex
455 3373 526 3436 altis·
544 3392 667 3453 magnus
689 3374 830 3436 decursus
853 3375 952 3453 aquai,

225 3464 367 3542 fragmina
390 3466 539 3525 coniciens
561 3462 700 3523 silvarum
722 3461 898 3540 arbustaque
920 3468 994 3541 tota3

152 3557 210 3611 285
224 3571 280 3614 nec
301 3551 390 3614 validi
411 3559 535 3632 possunt
556 3557 661 3630 pontes
682 3552 827 3612 uenientis
850 3551 936 3628 aquai
1113 3558 1153 3599 2⁸⁵
