2438 3998
471 281 478 295 ·
545 268 571 322 V
994 265 1058 330 143

126 431 212 475 omne
235 432 327 492 genus
351 415 387 475 de
409 417 578 495 principiis,
600 415 748 476 discordia
770 433 896 496 quorum
1017 436 1058 476 no

126 503 278 564 intervalla
300 505 363 563 vias
387 521 516 564 conexus
538 503 668 582 pondera
691 503 790 583 plagas

128 609 289 653 concursus
311 598 409 652 motus
431 591 568 652 turbabat
590 591 702 670 proelia
723 595 866 673 miscens,

54 687 249 759 4000000100
272 679 426 740 dissimilis
449 680 558 739 formas
582 681 735 759 variasque
759 682 867 758 figuras

55 782 108 832 441
128 768 206 846 quod
229 786 288 829 non
312 771 409 828 omnia
431 770 474 828 sic
497 774 634 847 poterant
657 771 812 828 coniuncta
835 785 953 828 manere

127 874 183 916 nec
205 864 302 917 motus
324 859 403 917 inter
425 875 491 916 sese
514 855 584 916 dare
607 859 817 917 convenientis.
1019 874 1059 916 440

129 944 271 1023 diffugere
294 945 362 1005 inde
384 943 443 1004 loci
464 951 564 1023 partes
588 962 726 1025 coepere,
747 960 893 1024 paresque
1020 965 1059 1005 ror

128 1052 195 1093 cum
218 1033 339 1112 paribus
361 1035 444 1110 iungi
467 1050 516 1092 res
539 1039 569 1092 et
591 1032 757 1093 discludere
780 1032 923 1093 mundum

55 1136 109 1185 430
126 1121 317 1200 membraque
340 1120 470 1181 dividere
494 1127 524 1181 et
545 1138 665 1199 magnas
688 1121 845 1200 disponere
867 1127 979 1200 partes,

55 1225 111 1274 440
127 1210 183 1270 hoc
206 1217 264 1290 est,
287 1228 303 1269 a
325 1211 414 1269 terris
438 1208 528 1268 altum
552 1227 707 1270 secernere
730 1209 856 1289 caelum,
1019 1229 1059 1268 440

129 1307 159 1358 01
182 1315 297 1357 sorsum
320 1316 415 1378 mare,
437 1299 482 1358 uti
504 1304 619 1358 secreto
642 1315 745 1359 umore
767 1303 895 1377 pateret,

129 1404 248 1446 seorsus
270 1388 342 1446 item
364 1388 433 1465 puri
455 1388 622 1464 secretique
645 1386 772 1446 aetheris
795 1388 887 1464 ignes.

172 1473 287 1555 Quippe
310 1477 419 1535 etenim
441 1476 570 1554 primum
592 1477 684 1535 terrai
706 1492 828 1553 corpora
852 1491 998 1553 quaeque,

58 1579 110 1629 440
127 1570 285 1642 propterea
308 1563 385 1642 quod
409 1569 493 1623 erant
515 1564 613 1641 gravia
636 1568 666 1622 et
687 1562 839 1643 perplexa,
862 1561 979 1622 coibant
1018 1581 1059 1623 uo

57 1654 161 1717 40110
183 1651 279 1712 medio
303 1659 390 1730 atquc
413 1653 487 1711 imas
511 1651 665 1729 capiebant
687 1653 783 1711 omnia
806 1650 905 1730 sedes,

129 1757 203 1818 quae
227 1746 335 1818 quanto
358 1741 451 1817 magis
474 1741 606 1799 1010000
629 1738 768 1818 perplexa
791 1738 920 1817 coibant,

129 1835 188 1887 tam
212 1830 305 1905 magis
327 1844 501 1906 expressere
524 1845 558 1887 00
581 1845 655 1905 quae
678 1845 758 1887 mare
782 1826 879 1887 sidera
903 1825 995 1886 solem

129 1914 287 1994 lunamque
310 1916 462 1976 0111000001
485 1921 514 1974 et
535 1917 635 1994 magni
656 1917 772 1975 moenia
795 1914 910 1975 mundi:

59 2019 112 2067 440
130 2006 227 2064 omnia
250 2006 329 2064 enim
352 2005 445 2081 magis
467 2002 540 2063 haec
563 2021 579 2063 0
602 2003 715 2063 levibus
739 2010 826 2082 atquc
849 2002 985 2063 rutundis
1020 2023 1060 2064 us

59 2107 115 2158 400
130 2092 292 2152 seminibus
313 2091 464 2170 multoque
487 2090 643 2151 minoribu'
667 2098 735 2151 sunt
757 2090 911 2152 elementis

131 2198 218 2258 quam
240 2179 335 2240 tellus.
372 2180 453 2260 ideo,
475 2197 616 2259 perrara
639 2179 795 2261 foramina,
818 2187 914 2240 terrae

130 2267 262 2347 partibus
286 2285 445 2347 erumpens
466 2270 581 2347 primus
604 2286 635 2327 00
659 2267 779 2328 sustulit
801 2267 903 2329 aether

130 2356 238 2434 ignifer
260 2362 290 2415 et
312 2356 420 2416 multos
444 2374 544 2417 secum
566 2355 639 2416 levis
662 2355 783 2417 abstulit
804 2358 896 2436 ignis,

59 2460 111 2509 450
130 2462 189 2504 non
213 2443 267 2503 alia
290 2443 376 2523 longe
399 2445 512 2504 ratione
536 2463 568 2504 00
592 2463 679 2523 saepe
701 2445 848 2523 videmus,
1021 2466 1061 2506 eoo

58 2545 218 2596 40100000
241 2535 458 2611 cumprimum
481 2535 654 2611 gemmantis
677 2550 744 2593 0000
767 2551 821 2611 per
842 2531 950 2592 herbas

130 2622 271 2680 matutina
293 2620 401 2680 rubent
423 2619 528 2680 radiati
550 2619 662 2681 lumina
685 2620 771 2701 solis,

552 2727 569 2765 ss

130 2795 323 2874 exhalantque
346 2794 426 2856 lacus
450 2795 585 2857 nebulam
608 2797 748 2876 fluviique
770 2814 929 2877 perennes,

131 2886 251 2963 ipsaque
274 2891 308 2944 01
330 2884 478 2944 interdum
500 2884 588 2946 tellus
610 2885 723 2946 fumare
745 2878 873 2965 ridetur}

58 2989 111 3038 400
132 2975 227 3033 omnia
251 2991 325 3051 quae
349 2991 467 3033 sursum
490 2991 557 3033 cum
579 2973 786 3053 conciliantur,
809 2971 921 3032 inulto
1021 2991 1061 3034 400

58 3071 116 3123 400
130 3079 251 3139 corpore
275 3068 413 3122 concreto
437 3060 597 3122 subtexunt
619 3061 719 3122 nubila
742 3060 862 3122 caelum.

130 3151 174 3209 sic
195 3151 286 3227 igitur
307 3156 371 3210 tum
395 3167 426 3210 00
448 3149 521 3210 10010
545 3168 579 3210 00
602 3150 739 3211 diffusilis
762 3149 864 3210 aether

130 3255 253 3316 corpore
276 3246 414 3298 concreto
437 3238 635 3299 circumdatus
658 3239 788 3318 undique
810 3234 898 3316 flexit

129 3332 159 3386 et
181 3325 239 3386 late
262 3325 386 3387 dillusus
409 3328 441 3387 in
464 3329 560 3387 omnis
582 3327 714 3406 undique
736 3328 829 3406 partis

58 3430 110 3479 400
129 3416 227 3475 omnia
250 3416 293 3474 sic
315 3414 399 3474 arido
422 3414 577 3494 complexu
600 3422 698 3476 cetera
722 3416 840 3494 saepsit.
1022 3436 1062 3475 uo

56 3502 206 3564 47110000
229 3501 350 3563 exordia
372 3510 442 3563 sunt
464 3503 534 3563 solis
557 3502 702 3582 lunaeque
727 3510 841 3583 secuta,

126 3593 346 3670 interutrasque
369 3590 449 3670 globi
472 3609 598 3670 quorum
622 3598 775 3653 vertuntur
797 3593 829 3650 in
852 3592 945 3671 auris5
