2438 3998
471 232 616 319 ,Ὗ
930 244 932 248 ’
1039 244 1101 308 151

172 398 222 451 aut
244 392 343 451 minus
365 390 420 451 hoc
443 389 492 450 illo
517 393 556 451 sit
578 410 631 451 cur
654 390 825 470 amplectier
847 393 936 453 ausis.
1063 415 1104 455 aso

172 479 298 558 denique
322 497 375 539 cur
397 486 524 557 nequeat
547 497 664 559 semper
685 497 760 540 nova
782 479 851 540 luna
874 482 970 541 creari

101 585 154 633 720
174 567 276 627 ordine
300 568 462 628 formarum
484 574 566 628 certo
590 569 738 647 certisque
761 569 878 649 liguris,

102 659 262 735 731inque
286 655 349 715 dies
372 657 471 734 privos
494 655 623 717 aborisci
645 673 778 736 quaeque
801 664 899 718 creata

173 752 260 823 atque
284 742 340 804 alia
362 743 443 804 illius
465 747 598 823 reparari
620 746 651 804 in
673 752 757 824 parte
780 743 917 826 locoque,

173 831 322 893 difficilest
343 834 457 893 ratione
480 833 586 893 docere
609 840 639 893 et
660 836 779 894 vincere
802 833 914 914 verbis,
1063 854 1103 896 uo

173 921 276 982 ordine
300 939 367 981 cum
383 918 509 999 possint
527 927 588 981 tam
611 928 691 982 certo
714 921 805 982 multa
828 924 930 983 creari.

101 1026 154 1076 tao
172 1013 196 1070 it
217 1028 270 1070 rer
292 1016 322 1069 et
343 1009 441 1070 Venus
464 1018 495 1070 et
516 1009 638 1070 Veneris
660 1012 854 1089 praenuntius
877 1017 944 1070 ante

102 1107 157 1157 736
172 1105 319 1177 pennatus
342 1097 487 1178 graditur,
509 1098 628 1177 zephyri
650 1100 773 1177 vestigia
794 1106 917 1178 propter

172 1186 258 1246 Flora
281 1185 389 1265 quibus
411 1193 506 1247 mater
526 1204 740 1265 praespargens
763 1162 830 1248 dnte
853 1189 911 1247 viai

174 1282 278 1336 cuncta
300 1273 450 1334 coloribus
473 1276 599 1354 egregiis
622 1282 652 1335 et
674 1272 813 1336 odoribus
837 1275 943 1355 opplet
1064 1296 1103 1336 uo

173 1363 242 1424 inde
265 1362 322 1422 loci
346 1364 480 1442 sequitur
502 1362 582 1423 calor
604 1363 704 1423 aridus
728 1371 757 1424 et
779 1381 879 1424 comes
902 1382 959 1425 una

103 1470 154 1519 730
173 1450 377 1531 pulverulenta
401 1449 490 1512 Ceres
513 1453 543 1512 et
562 1454 654 1512 etesia
676 1451 768 1512 dabra
791 1451 968 1531 aquilonum.

103 1549 155 1600 741
172 1540 240 1600 inde
264 1546 422 1600 autumnus
445 1539 517 1618 adit,
540 1539 673 1618 graditur
696 1539 782 1600 simul
805 1539 917 1601 Euhius
939 1539 1030 1599 Euan.

173 1629 242 1689 inde
266 1627 339 1688 aliae
362 1634 552 1706 tempestates
574 1630 712 1707 ventique
737 1636 891 1709 secuntru,

174 1717 331 1778 altitonans
353 1715 513 1776 Volturnus
536 1722 565 1776 et
588 1724 688 1776 auster
710 1715 831 1777 fulmine
854 1715 976 1796 pollens.
1064 1737 1103 1778 us

172 1805 291 1867 tandem
313 1804 417 1865 bruma
439 1805 522 1864 nives
544 1804 639 1865 adfert
660 1807 836 1884 pigrumque
859 1807 987 1883 rigorem

102 1912 153 1961 aaa
173 1894 249 1954 didit
270 1893 379 1974 hiems,
402 1895 536 1971 sequitur
559 1895 707 1971 crepitans
729 1893 804 1953 hanc
827 1892 964 1953 dentibus
987 1891 1075 1971 algor.

102 1991 157 2042 746
171 2000 228 2061 quo
252 1983 351 2041 minus
374 1987 420 2041 est
442 1983 563 2061 mirum,
587 1983 613 2041 si
636 1988 715 2041 certo
739 1988 871 2060 tempore
894 1980 963 2041 luna

173 2072 302 2149 gignitur
324 2076 355 2130 et
378 2076 457 2130 certo
481 2068 595 2129 deletur
616 2075 750 2148 tempore
773 2086 874 2149 rusae,

174 2177 241 2219 cum
263 2158 329 2217 lieri
351 2160 467 2236 possint
488 2164 548 2217 tam
571 2165 652 2218 certo
674 2165 808 2236 tempore
830 2156 929 2218 multa.
1064 2183 1104 2223 uo

218 2245 295 2306 Solis
317 2249 389 2306 item
412 2263 528 2325 quoque
551 2245 682 2306 deiectus
705 2245 849 2324 lunaeque
872 2245 1000 2307 latebras

103 2334 307 2414 emptoribus
330 2353 346 2394 e
370 2337 466 2394 causis
489 2335 555 2394 fieri
576 2334 631 2394 tibi
653 2352 741 2414 posse
764 2334 963 2413 putandumst

103 2432 241 2483 751nam
264 2441 318 2483 cur
340 2421 408 2482 luna
432 2430 520 2501 queat
542 2431 652 2483 terram
674 2422 826 2483 secludere
850 2422 920 2483 solis

174 2511 284 2572 lumine
308 2519 338 2571 et
360 2529 377 2570 a
399 2513 488 2570 terris
511 2511 602 2571 altum
624 2518 712 2589 caput
734 2511 887 2571 obstruere
911 2513 952 2592 ei,

174 2599 306 2660 obiciens
329 2617 449 2659 caecum
472 2598 563 2660 radiis
586 2598 757 2659 ardentibus
778 2599 893 2680 orbem,
1064 2623 1104 2665 uo

173 2696 306 2766 tempore
329 2687 433 2747 eodem
456 2686 534 2747 aliud
557 2687 653 2748 iacere
676 2687 706 2748 id
728 2705 788 2747 nou
810 2705 898 2766 posse
921 2695 1042 2767 putetur

103 2792 154 2842 745
175 2795 295 2857 corpus,
319 2775 396 2854 quod
420 2793 536 2835 cassum
558 2774 673 2836 labatur
694 2774 805 2835 lumine
829 2773 968 2854 semper?

102 2872 158 2922 756
175 2863 277 2942 solque
301 2882 370 2924 suos
393 2865 481 2924 etiam
504 2864 653 2924 dimittere
675 2854 831 2942 languidus
853 2866 930 2941 ignis

173 2961 306 3031 tempore
330 2970 383 3012 cur
406 2958 487 3012 certo
509 2958 649 3032 nequeat,
673 2969 866 3030 recreareque
890 2951 1001 3034 lumen,

173 3059 241 3102 cum
263 3040 326 3101 loca
348 3041 502 3119 praeteriit
523 3039 649 3100 flammis
672 3041 779 3100 infesta
801 3059 855 3118 per
879 3058 977 3122 auras,
1065 3066 1103 3104 roo

174 3148 248 3209 quae
271 3129 381 3190 iaciunt
404 3130 482 3207 ignis
504 3130 693 3206 interstingui
715 3135 802 3208 atque
825 3125 945 3207 perire?

102 3233 154 3283 too
174 3226 204 3278 ct
226 3236 279 3278 cur
300 3225 381 3278 terra
404 3223 492 3296 queat
513 3216 613 3277 lunam
636 3216 762 3296 spoliare
784 3219 915 3277 vicissim

102 3305 283 3366 ⁷611umine
307 3314 337 3366 et
359 3324 534 3384 oppressum
557 3305 650 3367 solem
672 3324 762 3385 super
784 3308 848 3385 ipsa
870 3313 986 3384 tenere,

173 3402 324 3455 menstrua
347 3393 417 3454 dum
440 3394 550 3472 rigidas
572 3395 640 3455 coni
662 3393 824 3473 perlabitur
846 3392 979 3472 umbras,

155 3491 305 3562 tempore
330 3482 434 3544 eodem
457 3482 534 3544 aliud
557 3490 685 3562 nequeat
708 3500 881 3542 succurrere
905 3481 991 3541 lunae
1064 3501 1102 3542 aas

174 3589 281 3650 corpus
303 3568 350 3630 vel
373 3589 460 3649 supra
483 3570 554 3631 solis
576 3570 724 3651 perlabier
747 3570 861 3650 orbem,
