2438 3998
608 261 635 316 11

186 415 267 469 tanto
291 426 381 488 opere
403 409 540 470 humanis
563 409 727 470 rationibus
751 409 938 471 admoderatc

119 505 169 554 170
187 504 319 576 tempora
340 504 455 558 mutare
479 515 623 558 annorum
646 498 805 577 frugesque
829 517 930 559 creare

188 593 218 645 et
239 588 299 645 iam
321 593 432 666 cetera,
454 585 587 646 mortalis
611 604 685 664 quae
709 586 813 647 suadet
835 586 916 648 adire

189 676 310 752 ipsaque
334 672 453 734 deducit
475 673 534 734 dur
557 676 633 734 vitae
657 675 704 734 dia
726 674 860 754 voluptas

188 768 218 821 et
240 779 289 821 res
312 779 367 840 per
388 761 512 822 Veneris
534 761 683 823 blanditur
707 762 802 823 saecla
823 770 999 843 propagent,

188 868 226 910 ne
249 867 342 928 genus
365 850 479 910 occidat
500 850 670 911 humanum.
706 869 832 930 quorum
856 854 953 912 omnia
976 869 1063 912 causa

119 947 169 996 115
188 940 379 998 constituisse
402 938 473 998 deos
496 956 564 999 oum
587 939 713 1020 tingunt,
737 938 865 999 omnibu'
887 939 977 1000 rebus

188 1043 294 1104 magno
318 1044 407 1103 opere
430 1044 446 1086 a
470 1045 538 1087 vera
561 1026 637 1106 lapsi
658 1030 772 1087 ratione
795 1028 939 1087 ridentur.

189 1132 258 1175 nam
281 1117 413 1192 quamvis
436 1132 536 1175 rerum
558 1116 692 1194 ignorem
714 1115 876 1194 primordia
899 1134 974 1194 quae
997 1117 1069 1196 sint,

188 1203 245 1262 boc
267 1209 366 1262 11111011
389 1220 425 1262 ex
448 1205 522 1281 ipsis
545 1203 619 1263 caeli
641 1203 806 1264 rationibus
829 1206 923 1264 ausim

190 1291 364 1351 confirmare
387 1289 511 1369 aliisque
535 1309 571 1350 ex
594 1290 685 1352 rebus
707 1291 832 1352 reddere
854 1292 969 1373 multis,

121 1387 171 1436 180
189 1396 376 1457 nequaquam
398 1378 484 1439 nobis
507 1378 648 1440 divinitus
671 1397 737 1440 esse
760 1387 888 1440 creatam

189 1474 324 1528 naturam
347 1468 464 1527 mundi:
486 1473 566 1527 tanta
590 1474 647 1528 stat
669 1467 801 1547 praedita
824 1469 918 1548 culpa.

191 1574 265 1634 quae
287 1554 343 1615 tibi
364 1557 526 1635 posterius,
548 1554 679 1635 Memmi,
702 1556 843 1616 iaciemus
868 1562 980 1635 aperta:

190 1643 320 1704 nuncid
344 1643 422 1721 quod
446 1650 582 1721 superest
605 1643 642 1703 de
664 1643 795 1703 motibus
819 1645 1020 1722 expediemus.

235 1731 319 1792 Nunc
337 1730 419 1792 locus
438 1738 492 1812 est,
510 1738 544 1791 ut
562 1733 675 1812 opinor,
694 1732 790 1792 iubis
808 1731 881 1792 illud
900 1748 1017 1810 quoque
1033 1730 1121 1792 rebus

122 1827 172 1878 105
192 1820 365 1880 confirmare
388 1819 455 1901 tibi,
480 1818 590 1879 nullam
613 1837 676 1879 rem
698 1837 786 1898 posse
809 1838 862 1880 sua
884 1822 913 1879 vi

191 1925 362 1987 corpoream
385 1925 504 1968 sursum
527 1908 600 1968 ferri
623 1925 800 1986 sursumque
822 1926 929 1968 meare.

191 2014 229 2057 ne
251 1995 307 2057 tibi
329 1995 400 2056 dent
421 1997 453 2055 in
476 2014 511 2055 eo
534 1995 717 2056 flammarum
741 2014 864 2075 corpora
886 1996 1033 2056 fraudem:

192 2102 296 2145 sursus
320 2085 400 2143 enim
420 2090 524 2144 ver'sus
547 2086 709 2163 gignuntur
730 2091 760 2144 et
782 2087 917 2162 augmina
940 2091 1073 2166 sumunt,

191 2166 200 2255 b
214 2180 244 2233 et
267 2189 385 2232 sursum
408 2172 518 2232 nitidae
542 2173 642 2251 fruges
666 2172 843 2251 arbustaque
867 2180 1016 2254 crescunt,
1033 2171 1044 2252 ss

123 2267 174 2316 100
192 2260 331 2340 pondera,
345 2268 486 2338 quantum
499 2262 532 2320 in
545 2268 615 2341 sest,
629 2279 697 2321 cum
712 2260 850 2321 deorsum
864 2269 968 2322 cuncta
982 2261 1121 2322 serantur.

192 2367 247 2409 neo
270 2365 337 2408 cum
361 2346 520 2409 subsiliunt
542 2350 626 2427 ignes
649 2348 784 2410 adtecta
808 2349 962 2410 domorum

193 2443 222 2497 et
244 2435 335 2496 celeri
357 2435 473 2496 flamma
496 2437 652 2516 degustant
673 2439 754 2516 tigna
775 2437 947 2519 trabesque,

193 2532 298 2604 sponte
321 2541 374 2584 sua
397 2525 493 2585 iacere
517 2525 548 2585 id
571 2528 635 2586 sine
657 2528 688 2584 vi
710 2525 855 2586 subeunte
877 2525 1075 2605 putandumst

193 2613 270 2692 quod
293 2630 399 2693 genus,
422 2632 438 2673 e
462 2619 563 2674 nostro
586 2631 654 2674 cum
676 2616 785 2674 missus
808 2632 932 2694 corpore
955 2616 1073 2692 sanguis

122 2709 173 2758 105
193 2703 299 2762 emicat
321 2700 455 2761 exultans
477 2701 535 2762 aite
558 2705 728 2780 spargitque
751 2719 896 2763 cruorem.

191 2807 290 2850 nonne
312 2789 395 2849 vides
418 2791 506 2849 etiam
530 2796 638 2868 quanta
660 2792 689 2849 vi
711 2792 792 2868 tigna
815 2789 974 2868 trabesque

192 2883 312 2957 respuat
334 2896 421 2938 umor
442 2873 556 2956 aquae?
591 2896 660 2937 nam
683 2897 741 2957 quo
763 2880 857 2956 magis
880 2880 1009 2938 ursimus
1034 2878 1090 2938 alte

193 2966 312 3027 derecta
334 2971 365 3025 et
386 2983 490 3043 magna
512 2967 542 3025 vi
563 2965 649 3026 multi
671 2968 835 3045 pressimus
858 2984 958 3046 aegre,

191 3062 252 3115 tam
274 3054 380 3132 cupide
404 3071 522 3113 sursum
545 3056 670 3114 revomit
692 3056 786 3133 magis
809 3060 896 3133 atquc
919 3056 1057 3136 remittit,

121 3151 173 3199 200
191 3143 258 3222 pius
281 3148 315 3203 ut
336 3149 420 3220 parte
443 3142 521 3202 foras
545 3149 697 3221 emergant
720 3141 907 3221 exibantque.

192 3249 247 3291 nec
269 3238 368 3290 tamen
389 3228 475 3311 baec,
499 3237 669 3309 quantumst
691 3233 723 3291 in
744 3249 789 3312 se,
812 3230 988 3312 dubitamus,
1013 3233 1125 3312 opinor,

192 3321 264 3398 quin
286 3336 411 3379 vacuum
432 3337 487 3404 per
509 3321 596 3379 inane
620 3319 759 3380 deorsum
782 3327 887 3380 cuncta
909 3320 1049 3380 ferantur.

191 3410 235 3467 sic
257 3408 349 3486 igitur
371 3405 479 3467 debent
501 3407 636 3468 flammae
659 3425 776 3487 quoque
799 3426 887 3488 posse
910 3426 965 3486 per
987 3426 1072 3468 auras

191 3497 269 3556 airis
291 3512 447 3574 expressae
471 3513 588 3555 sursum
613 3495 787 3576 succedere,
811 3513 985 3574 quamquam

120 3591 172 3643 205
189 3583 330 3664 pondera,
353 3591 495 3662 quantum
516 3585 548 3643 in
569 3592 640 3666 sest,
664 3584 803 3644 deorsum
821 3583 967 3645 deducere
986 3591 1124 3664 pugnent.
