2438 3998
152 218 215 284 158
637 217 663 271 V

168 384 220 433 970
283 366 344 427 Nec
366 368 458 427 nimio
481 373 543 427 tum
567 365 633 445 plus
657 384 744 444 quam
767 385 846 427 nunc
869 367 1003 428 mortalia
1026 368 1127 430 saecla

240 454 336 515 dulcia
359 453 531 533 linquebant
553 452 690 514 lamentis
712 454 823 515 lumina
845 458 929 516 vitae.

240 561 317 604 unus
340 545 420 603 enim
442 550 506 602 tum
528 545 653 621 quisque
676 545 768 622 magis
792 543 955 622 deprensus
978 562 1084 605 eorum
1119 569 1165 608 000

240 631 345 711 pabula
368 633 431 691 viva
454 631 527 691 leris
549 629 721 710 praebebat,
744 630 881 692 dentibus
904 633 1040 712 haustus,

169 726 225 777 990
241 729 271 780 et
293 737 413 779 nemora
436 738 470 780 ac
492 721 601 778 montis
623 721 735 797 gemitu
758 719 903 799 silvasque
925 720 1073 801 replebat,

171 823 223 873 990
241 810 305 867 viva
328 807 430 868 videus
453 809 518 866 vivo
541 805 661 885 sepeliri
683 810 797 868 viscera
819 807 914 869 busto.

241 904 271 957 et
294 915 368 975 quos
390 896 531 974 effugium
554 902 684 955 servarat
706 913 829 974 corpore
853 897 954 978 adeso,

241 987 389 1065 posterius
412 983 553 1044 tremulas
577 1001 666 1061 super
688 983 788 1044 ulcera
810 992 886 1044 tetra
908 992 1045 1046 tenentes
1120 1008 1164 1049 000

240 1073 351 1152 palmas
374 1072 529 1132 horriferis
552 1071 685 1131 accibant
707 1071 829 1133 vocibus
852 1072 974 1153 Orcum,

170 1168 226 1219 995
241 1162 369 1240 donique
392 1178 443 1220 eos
468 1162 525 1219 vita
545 1161 698 1237 privarunt
719 1163 850 1220 vermina
873 1179 970 1242 saeva,

172 1267 223 1316 985
243 1252 372 1328 expertis
395 1250 473 1329 opis,
496 1250 613 1325 ignaros
637 1248 707 1326 quid
730 1248 848 1309 volnera
871 1249 986 1310 vellent

242 1345 271 1398 at
294 1356 352 1397 non
375 1335 467 1396 multa
489 1337 586 1396 virum
608 1335 663 1396 sub
687 1339 779 1415 signis
801 1336 881 1397 milia
905 1338 991 1399 ducta

241 1418 387 1485 una'dies
410 1423 498 1483 dabat
519 1426 622 1503 exitio,
644 1442 700 1485 uec
722 1423 840 1486 turbida
861 1429 945 1505 ponti
1106 1450 1167 1490 1000

243 1505 370 1592 aequora
395 1510 526 1571 lidebant
553 1515 635 1572 navis
659 1512 694 1572 ad
718 1531 786 1573 saxa
808 1516 954 1593 virosque.

155 1609 228 1660 1000
242 1601 290 1661 bic
313 1609 424 1661 temere
448 1603 478 1660 10
501 1618 617 1661 cassum
641 1600 749 1660 frustra
772 1619 853 1662 mare
876 1620 963 1683 saepe
987 1612 1124 1665 coortum

172 1707 224 1756 990
244 1688 373 1749 saevibat
394 1689 556 1767 leviterque
579 1691 674 1748 minas
697 1688 824 1767 ponebat
846 1693 955 1771 inanis,

243 1796 298 1838 nec
320 1784 435 1856 poterat
458 1795 633 1856 quemquam
656 1776 764 1857 placidi
785 1777 908 1857 pellacia
930 1782 1014 1857 ponti

244 1864 365 1927 subdola
388 1865 527 1944 pellicere
550 1867 581 1926 10
604 1866 736 1926 fraudem
759 1867 924 1928 ridentibus
946 1867 1042 1927 undis.
1108 1889 1166 1932 1000

243 1948 252 2037 ll
265 1953 398 2033 improba
422 1956 528 2032 navigii
550 1956 625 2014 ratio
648 1962 711 2014 tum
734 1973 819 2015 caeca
841 1954 962 2015 iacebat.
979 1952 990 2034 ΙΙ

154 2050 228 2101 1005
244 2051 308 2103 tum
330 2045 454 2121 penuria
477 2041 583 2102 deinde
607 2041 667 2102 cibi
689 2041 856 2121 languentia
878 2043 936 2103 leto

174 2147 225 2197 990
244 2129 375 2191 membra
399 2129 499 2210 dabat,
522 2138 623 2191 contra
646 2148 725 2191 nune
748 2149 847 2191 rerum
871 2135 953 2210 copia
975 2144 1094 2191 mersat.

244 2219 287 2278 illi
309 2219 502 2297 inprudentes
525 2221 583 2297 ipsi
605 2218 663 2278 sibi
686 2237 773 2297 saepe
796 2237 941 2280 venenum
1050 2226 1052 2228 ’

243 2307 415 2387 vergebant,
438 2325 517 2367 nunc
541 2307 610 2367 dant
632 2303 707 2368 alies
729 2306 877 2368 sollertius
900 2310 966 2386 ipsi.
1107 2333 1166 2372 1010

286 2395 357 2455 lude
381 2413 463 2455 casas
486 2402 641 2474 postquam
664 2413 697 2454 ac
719 2394 806 2473 pellis
829 2398 984 2474 ignemque
1007 2406 1165 2478 pararunt,

154 2490 227 2542 1010
244 2492 273 2543 et
296 2483 403 2544 mulier
426 2485 581 2544 coniuncta
603 2485 665 2541 viro
689 2486 836 2543 concessit
857 2486 889 2544 in
911 2502 1003 2544 unum

271 2598 272 2602 ¹
647 2589 665 2626 *

156 2676 224 2726 1000
244 2662 359 2737 cognita
383 2666 464 2739 sunt,
486 2657 717 2737 prolemqueex
740 2677 772 2720 se
795 2660 895 2720 videre
919 2668 1058 2740 creatam,

243 2754 306 2807 tum
329 2766 422 2827 genus
444 2747 604 2807 humanum
626 2749 755 2825 primum
778 2748 950 2809 mollescere
974 2752 1080 2828 eoepit.

244 2837 321 2914 ignis
344 2838 424 2896 enim
447 2836 559 2895 amarit
580 2842 614 2895 ut
636 2834 706 2895 alsia
730 2854 852 2915 corpora
875 2837 968 2915 frigus
1107 2861 1165 2901 1010

244 2926 366 2984 nonita
389 2926 447 2983 iam
469 2930 591 3000 possent
614 2923 687 2983 caeli
710 2923 765 2984 sub
788 2927 916 3003 tegmine
939 2925 1030 3005 terre,

155 3019 228 3070 1015
245 3019 275 3072 et
296 3010 394 3072 Venus
417 3013 556 3071 inminuit
578 3013 663 3092 viris,
685 3015 829 3091 puerique
852 3020 1007 3091 parentum

157 3116 226 3166 1000
244 3098 395 3159 blanditiis
419 3098 503 3159 facile
527 3101 678 3178 ingenium
701 3101 815 3178 fregere
839 3099 1007 3179 superbum.

244 3195 315 3248 tuno
339 3195 368 3247 et
390 3188 549 3266 amicitiem
572 3195 733 3267 coeperunt
756 3191 878 3266 iungere
901 3198 1021 3250 aventes

188 3345 191 3352 ¹
244 3276 362 3336 finitimi
385 3277 463 3335 iuter
486 3293 517 3335 se
540 3293 596 3336 nec
617 3276 734 3337 laedere
757 3294 813 3337 nec
830 3275 946 3357 violari,
1108 3305 1165 3345 1020

244 3371 274 3424 et
296 3382 405 3443 pueros
428 3364 670 3426 commendarunt
692 3363 895 3442 muliebreque
919 3365 1062 3448 saeclum,

155 3459 232 3511 1020
244 3451 365 3512 vocibus
389 3459 418 3512 et
440 3460 526 3531 gestu
548 3472 616 3514 cum
638 3452 723 3513 balbe
746 3453 948 3530 significarent

156 3556 226 3606 1010
244 3539 459 3617 imbecillorum
482 3559 548 3602 esse
572 3559 698 3619 aequum
720 3542 891 3601 misererier
914 3544 1019 3603 omnis.
