2438 3998
578 252 617 309 IV
932 248 1098 325 ‚ot

113 415 147 467 26
166 408 301 461 naturam
323 417 424 460 rerum
448 417 481 460 ac
503 402 651 478 persentis
674 399 868 480 utilitateml

112 505 149 556 48
210 487 268 548 Sed
291 490 429 567 quoniam
452 487 539 547 docui
561 495 734 549 cunctarum
755 488 876 550 exordia
897 505 999 549 rerum
1072 505 1101 548 4⁵

167 576 264 655 qualia
286 578 347 636 sint
368 583 399 635 et
421 593 509 654 quam
532 578 620 636 variis
643 576 781 638 distantia
804 577 906 638 formis

114 680 151 732 50
167 671 272 745 sponte
296 681 349 724 sua
370 663 492 724 volitent
514 671 633 724 aeterno
655 667 768 743 percita
789 673 871 726 motu

168 770 284 832 quoque
307 752 394 812 modo
418 754 512 830 possit
533 770 583 813 res
605 770 642 813 ex
663 752 710 812 his
733 771 866 831 quaeque
890 754 997 833 creari,
1073 773 1100 813 aa

113 857 149 906 30
168 848 255 920 atque
277 843 368 900 animi
391 842 529 919 quoniam
551 840 639 900 docui
661 847 765 900 natura
787 841 960 919 quidesset
1073 862 1101 902 ao

114 946 154 997 27
168 936 198 990 et
221 928 328 1008 quibus
351 946 367 988 e
390 928 480 988 rebus
503 946 571 989 cum
594 946 717 1007 corpore
741 935 856 1009 compta
878 931 990 1006 vigeret

168 1035 261 1096 quove
283 1016 371 1077 modo
394 1015 533 1077 distracta
554 1016 667 1077 rediret
688 1019 720 1077 in
743 1016 826 1077 ordia
847 1018 956 1095 prima,

167 1123 246 1166 nunc
268 1123 355 1183 agere
378 1106 517 1183 incipiam
539 1103 604 1184 tibi,
627 1104 705 1184 quod
723 1111 874 1165 vementer
896 1104 932 1165 ad
954 1103 1008 1163 has
1031 1121 1079 1163 res

115 1210 152 1260 30
168 1195 284 1275 attinet,
307 1210 373 1253 esse
397 1210 431 1253 ea
454 1210 527 1270 quae
550 1210 651 1253 rerum
674 1192 829 1253 simulacra
851 1210 1000 1252 vocamus:
1074 1214 1102 1254 ao

99 1298 150 1347 cn
169 1299 257 1363 quae,
280 1283 364 1360 quasi
386 1279 573 1341 membranae
596 1298 710 1341 summo
734 1280 769 1341 de
793 1298 916 1359 corpore
938 1297 1039 1341 rerum
1072 1328 1074 1332 Α

169 1370 320 1450 dereptae,
342 1368 464 1429 volitant
484 1367 622 1447 ultroque
646 1371 778 1447 citroque
801 1387 855 1448 per
877 1387 975 1447 auras,

169 1466 256 1537 atque
280 1457 382 1517 eadem
404 1456 491 1517 nobis
513 1456 700 1535 vigilantibus
723 1456 807 1517 obvia
829 1464 944 1518 mentes

169 1546 332 1607 terrificant
353 1552 441 1624 atque
463 1547 495 1605 in
518 1547 642 1625 somnis,
665 1564 732 1606 cum
755 1563 843 1624 saepe
865 1546 974 1623 figuras
1077 1564 1080 1572 “

115 1649 153 1701 35
171 1636 338 1695 contuimur
359 1635 450 1693 miras
473 1632 687 1712 simulacraque
709 1632 774 1694 luce
797 1641 962 1713 carentum,
1075 1652 1102 1694 oo

117 1738 152 1787 4ο
171 1741 245 1801 quae
268 1740 322 1782 nos
344 1721 482 1782 horrifice
505 1721 671 1801 languentis
695 1739 782 1800 saepe
805 1739 910 1799 sopore

170 1813 336 1891 excierunt3
358 1827 396 1869 ne
419 1810 494 1869 iorte
516 1812 628 1870 animas
649 1809 816 1870 Acherunte
838 1826 957 1870 reamur

170 1899 299 1977 eilugere
322 1904 372 1959 aut
393 1897 513 1958 umbras
534 1900 614 1958 inter
636 1899 716 1958 vivos
738 1897 873 1978 volitare,

170 2005 243 2047 neve
266 1985 376 2065 aliquid
399 1988 495 2046 nostri
516 1993 583 2064 post
604 1992 730 2046 mortem
752 2003 839 2065 posse
862 1984 1003 2065 relinqui,

116 2090 153 2141 40
171 2093 239 2136 cum
261 2092 368 2153 corpus
391 2072 479 2134 simul
502 2081 588 2152 atque
612 2076 702 2134 animi
725 2080 829 2134 natura
850 2080 1001 2153 perempta
1076 2096 1103 2136 ro

117 2178 152 2228 45
171 2165 203 2223 in
226 2180 278 2223 sua
300 2162 465 2223 discessum
488 2161 624 2222 dederint
644 2161 805 2241 primordia
828 2180 970 2241 quaeque.

593 2268 611 2308 s

100 2354 157 2405 125
171 2340 243 2417 quin
264 2340 363 2417 potius
385 2356 490 2399 noscas
512 2356 613 2399 rerum
636 2337 792 2399 simulacra
813 2340 912 2417 vagari
1064 2360 1103 2399 nr

100 2442 158 2493 126
169 2425 259 2487 multa
283 2427 379 2486 modis
400 2425 502 2487 multis
523 2426 603 2487 nulla
624 2428 655 2486 ri
676 2444 817 2506 cassaque
841 2444 938 2487 sensu
1064 2448 1104 2487 us

117 2529 155 2580 42
213 2513 284 2575 Dico
307 2517 397 2593 igitur
418 2532 520 2575 rerum
542 2515 654 2593 elligias
676 2517 832 2594 tenuisque
856 2515 964 2593 figuras
1076 2536 1104 2575 ts

171 2604 282 2664 mittier
304 2603 340 2662 ab
363 2602 466 2683 rebus,
489 2620 602 2663 summo
626 2603 662 2663 de
685 2620 808 2682 corpore
831 2620 944 2682 rerum3
1077 2624 1104 2664 ca

118 2706 153 2755 50
170 2683 180 2773 {l
193 2709 268 2770 quae
292 2693 376 2770 quasi
397 2690 584 2752 membranae
606 2690 653 2752 vel
675 2698 776 2751 cortex
798 2689 1039 2770 nominitandast,
1078 2711 1104 2751 or

118 2794 155 2845 45
170 2779 248 2857 quod
272 2781 400 2858 speciem
423 2796 457 2840 ac
479 2779 602 2840 sormam
625 2779 751 2840 similem
774 2781 850 2857 gerit
872 2781 937 2840 eius
959 2781 1068 2858 imago,

172 2869 383 2946 cuiuscumque
406 2866 485 2928 cluet
506 2867 543 2927 de
566 2885 690 2945 corpore
713 2868 778 2928 fusa
800 2869 906 2945 vagari
924 2865 935 2946 l
1078 2887 1105 2928 aa

118 2970 154 3020 47
170 2955 200 3015 id
223 2954 292 3015 licet
313 2955 383 3015 hinc
406 2957 538 3034 quamvis
561 2954 662 3016 hebeti
684 2973 863 3034 cognoscere
886 2953 982 3015 corde.
1077 2978 1105 3015 44

169 3044 315 3122 principio
338 3045 477 3122 quoniam
498 3045 620 3103 mittunt
641 3046 674 3103 in
695 3042 785 3104 rebus
808 3046 918 3122 apertis
1079 3064 1106 3104 se

119 3147 152 3196 tt
171 3149 294 3210 corpora
316 3149 365 3192 res
387 3130 509 3213 multae,
530 3134 638 3210 partim
661 3131 766 3192 diffusa
788 3130 899 3213 solute,
1078 3151 1106 3192 ss

171 3218 277 3280 robora
300 3237 354 3280 ceu
375 3220 490 3280 fumum
512 3221 633 3281 mittunt
653 3221 796 3298 ignesque
819 3237 970 3300 vaporem,

118 3322 155 3374 55
171 3314 199 3368 et
221 3309 328 3387 partim
352 3314 488 3371 contenta
509 3311 603 3387 magis
626 3307 846 3387 condensaque,
867 3315 902 3368 ut
924 3307 994 3368 olim

172 3414 239 3456 cum
261 3397 365 3457 teretis
386 3403 501 3475 ponunt
522 3399 637 3458 tunicas
660 3403 771 3458 aestate
793 3395 925 3475 cicadae,

171 3491 200 3544 et
221 3483 306 3544 vituli
329 3502 395 3546 cum
417 3483 603 3546 membranas
626 3485 810 3632 de29oorpore
833 3501 948 3546 summo

447 3569 502 3650 [49
522 3572 579 3652 sq]
595 3599 637 3622 =
714 3591 756 3651 sq.

151 3682 292 3724 nocemus.
308 3682 342 3724 ed.
356 3682 483 3734 Briegor.
879 3679 893 3726 7
