2438 3998
124 212 187 280 102
608 211 648 268 IV

191 367 345 441 praeterea
367 361 395 421 si
418 378 492 439 quae
514 361 632 439 penitus
656 359 830 440 corpuscula
852 378 954 421 rerum

123 465 174 516 200
192 467 228 510 ex
252 448 368 528 altoque
391 449 470 509 foras
492 449 663 529 mittuntur,
686 448 757 509 solis
780 451 824 509 uti
846 447 897 509 lux
1088 468 1128 508 roo

192 556 226 598 ao
248 555 351 617 vapor,
373 535 446 596 haec
467 543 577 615 puncto
601 543 765 597 comuntur
786 536 867 616 lapsa
885 536 945 597 diei

121 641 178 694 000
190 643 245 705 per
267 632 361 685 totum
384 623 458 685 caeli
480 626 607 704 spatium
631 624 795 686 diffundere
819 642 884 685 sese

122 729 178 780 187
192 731 303 793 perque
326 712 424 773 volare
446 731 527 773 mare
550 731 584 774 ac
606 720 701 773 terras
724 712 896 792 caelumque
919 716 1030 791 rigare:
1088 733 1128 775 ros

193 800 265 880 quid
288 819 362 881 quae
385 807 456 863 sunt
476 803 568 880 igitur
588 803 647 861 ianr
669 803 764 880 prima
787 802 883 862 fronte
906 797 1029 879 parata?

123 906 175 955 210
194 907 261 950 cnm
284 891 433 951 iaciuntur
454 896 485 950 et
507 891 649 950 emissum
671 907 720 950 res
743 888 822 951 nulla
844 896 990 970 moratur,
1088 911 1127 951 205

193 996 291 1039 nonne
314 978 396 1038 vides
419 979 507 1038 citius
530 976 639 1039 dehere
662 984 693 1038 el
714 976 830 1056 longius
853 980 897 1038 ire

122 1082 178 1134 205
191 1065 402 1145 multiplexque
425 1065 484 1127 loci
506 1067 633 1145 spatium
655 1073 858 1127 transcurrere
882 1065 986 1126 eodem

193 1161 325 1234 tempore
349 1172 407 1232 quo
431 1153 501 1214 solis
523 1153 695 1233 pervolgant
716 1154 828 1215 lumina
850 1150 987 1215 caelum?

193 1241 249 1303 hoc
272 1244 361 1302 etiam
383 1244 415 1303 in
437 1243 542 1320 primis
563 1245 714 1320 specimen
736 1260 840 1303 verum
862 1260 928 1303 osse
950 1241 1079 1322 videtur,

124 1346 176 1397 210
194 1349 282 1410 qnam
305 1330 395 1391 celeri
417 1337 499 1391 motu
521 1347 622 1391 rerum
645 1329 801 1391 simulacra
823 1331 968 1411 ferantur,
1089 1353 1128 1392 aro

194 1418 273 1499 quod
296 1417 384 1479 simul
407 1436 440 1479 ac
462 1420 592 1497 primum
615 1417 670 1478 suh
694 1418 746 1479 diu
767 1417 908 1498 splendor
926 1420 1018 1491 *aquai

123 1522 181 1574 210
192 1509 326 1588 ponitur,
349 1506 495 1586 extemplo
518 1505 598 1567 caelo
623 1505 757 1568 stellante
781 1525 885 1568 serena

194 1595 293 1656 sidera
314 1595 495 1674 respondent
517 1597 549 1656 in
571 1613 645 1674 aqua
668 1595 812 1656 radiantia
833 1595 944 1656 mundi

194 1686 290 1744 iamne
313 1682 396 1744 vides
418 1685 509 1762 igitur
532 1701 619 1763 quam
640 1691 750 1763 puncto
772 1691 905 1763 tempore
928 1686 1024 1762 imago

125 1789 176 1838 220
194 1771 323 1832 aetheris
345 1789 382 1832 ex
405 1773 466 1832 oris
489 1773 520 1832 in
542 1779 689 1832 terrarum
712 1771 824 1833 accidat
845 1769 934 1833 oras?
1088 1795 1128 1835 215

195 1878 285 1940 quare
309 1861 397 1920 etiam
420 1867 507 1939 atque
530 1863 618 1921 etiam
640 1862 715 1920 mira
738 1861 846 1921 fateare
869 1868 1021 1922 necessest

619 1969 636 2004 ,ι
922 1977 924 1980 ,

124 2052 181 2104 237
195 2055 274 2097 nuno
296 2054 332 2097 ea
354 2054 428 2116 quae
451 2036 517 2097 dico
539 2054 640 2097 rerum
664 2036 817 2097 simulacra
840 2036 976 2098 feruntur
1089 2060 1128 2099 250

194 2125 325 2203 undique
348 2130 379 2184 et
400 2126 432 2184 in
455 2131 574 2185 cunctas
596 2126 744 2186 iaciuntur
766 2125 858 2186 didita
880 2127 987 2208 partis3

124 2229 182 2279 240
194 2220 352 2293 propterea
374 2213 408 2272 lit
428 2213 486 2291 uti,
509 2214 637 2291 speciem
661 2230 719 2291 quo
741 2214 896 2294 vertimus,
919 2230 1022 2274 omnes
1089 2238 1129 2276 aaa

125 2318 176 2367 220
196 2320 245 2362 res
267 2300 310 2360 ibi
332 2318 397 2360 eam
419 2307 521 2360 contra
543 2300 651 2360 feriant
673 2301 766 2361 forma
788 2308 874 2380 atque
898 2300 1004 2362 colore.
1089 2325 1129 2364 aaa

124 2398 181 2450 239
195 2407 298 2450 rerum
320 2405 374 2448 nos
397 2386 491 2448 oculis
514 2391 584 2467 quia
606 2387 676 2449 solis
699 2407 821 2450 cernere
845 2391 963 2469 quimus
1087 2414 1127 2454 an

617 2495 636 2535 a

123 2575 179 2626 242
196 2573 226 2626 et
248 2571 390 2644 quantum
412 2583 546 2645 quaeque
569 2564 605 2626 ab
628 2564 714 2627 nohis
736 2583 785 2627 res
808 2564 897 2647 absit,
919 2568 1015 2645 imago
1088 2589 1130 2628 aaa

197 2654 287 2714 efficit
309 2659 342 2713 nt
365 2652 513 2713 videamus
536 2659 566 2714 et
587 2655 788 2715 internoscere
812 2661 908 2716 curat:
1089 2676 1130 2717 aaa

196 2759 264 2802 nam
287 2759 354 2801 enm
376 2743 516 2823 mittitur,
538 2742 684 2823 extemplo
706 2743 855 2822 protrudit
877 2745 994 2822 agitque

126 2847 178 2896 200
196 2835 264 2890 aera
287 2831 338 2909 qui
361 2831 441 2889 inter
462 2847 494 2890 se
517 2838 672 2909 cumquest
694 2830 852 2910 oculosque
875 2830 1001 2913 locatus,

125 2934 182 2986 240
196 2920 281 2997 isque
304 2921 345 2978 ita
366 2936 421 2997 per
442 2925 559 2979 nostras
581 2921 661 2979 acies
681 2917 845 2998 perlabitur
867 2921 963 2980 omnis

197 3013 227 3067 et
249 3008 333 3085 quasi
356 3013 506 3085 perterget
526 3006 652 3086 pupillas
675 3014 762 3086 atque
785 3009 826 3068 ita
847 3010 962 3069 transit.
1090 3030 1129 3069 seo

196 3103 353 3174 propterea
375 3095 408 3155 lit
429 3097 474 3155 uti
496 3095 646 3156 videamus
669 3113 757 3174 quam
778 3093 881 3174 procul
903 3095 980 3156 absit
1089 3117 1128 3158 am

195 3201 244 3244 res
268 3201 409 3263 quaeque.
446 3189 476 3243 et
500 3182 696 3263 quantoplus
719 3184 798 3243 airis
820 3189 886 3243 ante
910 3185 1036 3262 agitatur
1078 3205 1130 3248 sno

126 3287 177 3337 235
196 3276 226 3330 et
248 3278 365 3332 nostros
388 3270 489 3332 oculos
507 3269 662 3349 'perterget
683 3270 798 3349 longior
820 3289 904 3352 aura,
1089 3294 1129 3335 ars

124 3375 177 3428 251
194 3366 254 3419 tam
276 3358 380 3439 procul
403 3377 469 3421 esse
491 3360 585 3437 magis
607 3376 656 3418 res
679 3377 811 3437 quaeque
834 3367 946 3420 remota
968 3359 1092 3421 videtur.
1201 3436 1206 3442 ι

197 3447 323 3527 scilicet,
345 3447 417 3508 haee
441 3464 554 3508 summe
578 3446 669 3507 celeri
690 3448 804 3507 ratione
827 3455 983 3522 geruntur,

316 3538 517 3622 [nrt-229]
540 3561 633 3622 paene
653 3541 947 3609 =V1915-928.
