2438 3998
594 245 620 299 V
1043 247 1107 312 155

100 409 156 459 865
220 391 277 453 Sed
300 410 396 471 neque
420 391 560 454 Centauri
582 393 714 474 fuerunt,
737 411 792 454 nec
815 402 948 472 tempore
971 397 1003 456 in
1026 395 1086 456 ullo

100 489 160 540 870
177 499 242 541 esse
265 488 377 558 queunt
400 480 511 560 duplici
534 486 639 541 natura
662 488 692 541 et
715 499 837 560 corpore
860 481 930 542 bino

177 588 212 629 ex
236 568 408 647 alienigenis
430 568 572 630 membris
595 577 758 650 compacta,
780 577 911 649 potestas
1066 594 1107 634 eoo

174 659 251 730 hinc,
266 656 348 719 illinc
370 660 463 736 partis
485 665 518 718 ut
540 676 600 718 nou
622 676 676 737 par
698 675 765 718 esse
790 661 916 737 potissit.

176 746 206 806 id
228 745 299 806 licet
320 746 389 806 hinc
412 748 544 824 quamvis
567 745 667 806 hebeti
690 763 868 824 cognoscere
892 747 988 808 corde.

101 853 157 902 800
175 836 322 914 principio
345 837 457 895 circum
479 834 575 895 tribus
598 837 672 895 actis
694 836 821 913 impiger
843 838 928 895 annis

102 930 159 981 881
177 924 263 983 lloret
276 941 379 1004 equus,
396 941 472 1002 puer
484 923 556 984 haut
569 941 727 1002 quaquam:
741 941 810 983 nam
824 941 911 1002 saepe
925 926 1012 984 etiam
1027 943 1108 985 nunc

176 1011 267 1071 ubera
290 1029 482 1072 mammarum
505 1013 537 1072 in
560 1013 671 1072 somnis
694 1011 830 1072 lactantia
853 1019 987 1091 quaeret:
1068 1033 1108 1075 ssa

175 1106 243 1179 post
264 1099 317 1160 ubi
339 1118 447 1178 equum
469 1099 581 1160 validae
603 1102 682 1160 rues
704 1107 799 1160 aetate
823 1107 942 1160 senecta

176 1187 365 1266 membraque
389 1187 676 1267 deliciunt'lugienti
696 1188 834 1267 languida
855 1190 927 1268 vita,

104 1294 157 1344 875
176 1285 239 1337 tum
262 1276 380 1337 demum
402 1279 504 1354 pueris
527 1295 597 1337 aevo
619 1277 743 1337 florente
766 1279 922 1338 iuventas>

102 1373 162 1424 880
176 1366 283 1443 occipit
306 1372 336 1425 et
357 1363 439 1425 molli
461 1366 549 1425 vestit
571 1364 708 1443 lanugine
731 1364 835 1446 malas3

176 1472 213 1513 ne
236 1453 312 1513 lortc
335 1470 369 1513 ex
393 1452 512 1514 homine
535 1459 565 1514 et
587 1455 719 1514 veterino
743 1455 856 1514 semiue
879 1471 1023 1532 equorum
1068 1475 1109 1515 oso

177 1542 298 1602 confieri
320 1541 423 1602 credas
447 1540 609 1602 Centauros
632 1560 719 1621 posse
742 1559 839 1621 neque
863 1559 942 1621 esse,

176 1637 227 1690 aut
248 1629 360 1690 rabidis
384 1629 505 1690 canibus
528 1632 692 1691 succinctas
716 1632 913 1690 semimarinis

104 1735 157 1786 880
177 1717 350 1796 corporibus
373 1716 498 1798 Scyllas,
520 1725 551 1778 et
573 1725 671 1778 cetera
694 1717 730 1778 de
753 1735 862 1796 genere
885 1717 1005 1797 horum,

104 1809 253 1866 89110100
275 1824 307 1866 se
331 1824 457 1884 quorum
480 1806 626 1866 discordia
648 1804 780 1866 membra
802 1805 949 1886 videmus3

177 1912 368 1974 quacunque
391 1895 553 1955 llorescunt
573 1896 685 1974 pariter
708 1912 764 1954 nec
786 1894 893 1954 robora
917 1901 1037 1954 sumunt
1068 1915 1109 1958 sss
1205 1930 1207 1935 2

177 1982 349 2062 corporibus
371 2001 468 2062 neque
490 1985 640 2062 proiciunt
662 1989 756 2043 aetate
779 1989 910 2062 senecta,

176 2090 231 2132 nec
254 2070 344 2131 simili
366 2071 478 2132 Venere
502 2071 659 2132 ardescunt
681 2088 737 2131 nec
758 2069 890 2131 moribus
914 2072 981 2130 unis

103 2177 157 2226 888
177 2161 367 2239 conveniunt,
389 2178 486 2239 neque
510 2167 579 2220 sunt
601 2159 703 2220 eadem
726 2159 854 2220 iucunda
875 2177 930 2239 per
952 2166 1042 2220 artus.

103 2255 163 2306 896
177 2250 285 2327 quippe
308 2249 407 2308 videre
430 2247 501 2309 licet
522 2250 716 2327 pinguescere
743 2265 831 2326 saepe
854 2249 950 2308 cicuta

176 2334 347 2414 barbigeras
370 2336 513 2417 pecudes,
539 2336 652 2396 homini
675 2342 778 2415 quaest
800 2353 867 2397 acre
890 2353 1045 2396 venenum.
1069 2358 1109 2397 000

176 2421 304 2502 deniqne
325 2424 442 2485 flamma
465 2424 585 2504 quidem
607 2443 675 2485 cum
697 2442 821 2503 corpora
844 2422 921 2484 fulva
943 2423 1062 2485 leonum

176 2520 236 2572 tam
260 2511 352 2573 soleat
374 2520 488 2573 torrere
511 2521 598 2591 atque
621 2530 709 2573 urere
733 2530 820 2591 quam
843 2529 937 2590 genus
960 2530 1045 2572 omue

104 2618 158 2668 890
176 2603 299 2661 visceris
323 2603 354 2661 in
375 2603 466 2661 terris
489 2601 694 2680 quodcumque
718 2608 748 2660 et
771 2602 922 2678 sanguinis
945 2607 1037 2682 extet,

105 2697 160 2747 901
177 2691 228 2768 qui
250 2690 317 2748 lieri
339 2691 447 2770 potuit,
469 2689 580 2768 triplici
602 2707 669 2750 cum
693 2707 817 2768 corpore
840 2695 873 2748 ut
895 2706 966 2767 una,

176 2779 270 2856 prima
293 2776 352 2858 leo,
374 2785 523 2856 postrema
546 2777 648 2858 draco,
670 2777 766 2837 media
789 2780 854 2855 ipsa
877 2774 1030 2837 Chimaera
1070 2799 1110 2840 cos
1154 2848 1158 2857 ¹

177 2883 228 2926 ore
251 2866 328 2926 foras
351 2884 450 2926 acrem
473 2865 557 2926 flaret
579 2865 616 2925 de
639 2883 761 2943 corpore
781 2861 949 2925 flammam?

176 2973 266 3032 quare
290 2956 379 3014 etiam
401 2953 507 3015 tellure
530 2972 605 3014 nova
627 2952 767 3031 caeloque
790 2955 905 3013 recenti

103 3041 245 3109 89810110
268 3044 319 3121 qui
341 3044 426 3122 lingit
447 3045 581 3121 potuisse
604 3040 739 3102 animalia
762 3043 857 3120 gigni,

103 3137 160 3188 906
174 3132 261 3190 nixus
284 3133 316 3191 in
337 3131 394 3192 hoc
416 3149 475 3191 uno
498 3132 636 3191 novitatis
659 3132 778 3191 nomine
802 3131 897 3210 inani,

175 3219 266 3280 multa
288 3219 358 3280 licet
381 3219 471 3280 simili
493 3220 608 3279 ratione
631 3218 744 3279 ellutiat
767 3236 832 3298 ore,
1070 3241 1111 3281 oro
1140 3216 1146 3229 '

175 3325 263 3368 aurea
285 3315 349 3368 tum
372 3308 451 3369 dicat
472 3326 527 3387 per
548 3314 644 3367 terras
667 3307 787 3368 llumina
810 3305 897 3385 vulgo

175 3396 309 3476 fluxisse,
333 3403 362 3456 et
384 3399 508 3475 gemmis
532 3394 638 3456 llorere
662 3394 782 3456 arbusta
806 3400 921 3475 suesse,

102 3501 155 3550 900
174 3493 224 3545 aut
246 3484 396 3545 hominem
418 3492 501 3546 tanto
524 3482 726 3544 membrorum
750 3501 817 3544 esse
839 3486 952 3562 impete·
972 3490 1087 3562 uatum,

101 3581 157 3631 911
171 3583 254 3634 trans
277 3575 370 3634 maria
392 3573 450 3635 alta
471 3572 581 3653 pedum
603 3574 687 3633 nisus
711 3578 744 3632 ut
766 3589 877 3650 ponere
899 3577 1001 3650 posset
