2438 3998
105 222 155 276 XII
228 245 231 249 ·
466 219 749 277 PROLEGOMENA.

104 368 279 448 corpuscula
302 369 329 428 si
352 369 552 448 convenerint,
573 366 644 448 ficri
661 383 848 446 mapparum
865 382 969 427 rerum
986 362 1117 426 exordia

104 473 218 536 saepe.
260 458 327 534 quis
350 455 452 516 credet
469 454 689 516 Lachmannum
707 474 761 534 pro
779 471 869 532 saepe
885 470 1002 530 semper
1020 455 1117 531 scrip-

103 554 204 606 turum
227 544 330 624 luisse,
354 545 380 603 si
403 561 438 603 ex
462 561 507 621 ep.
531 543 567 603 ad
590 543 718 623 Pythocl.
743 544 799 603 dat.
818 560 879 620 par.
895 539 936 604 89
961 541 1117 601 didicisset

104 632 196 693 multa
233 631 378 692 eiusmodi
414 631 592 691 mundorum
628 631 748 692 exordia
784 632 920 708 interire,
957 636 1116 707 antequam

103 716 340 800 perficerentur?
380 737 434 779 cur
457 719 584 798 denique
607 721 722 797 negavit
736 718 753 778 l.
768 717 804 777 Vl
817 737 842 778 r.
857 714 922 779 446
941 717 1116 777 Lucretium

105 809 204 869 dicere
218 809 351 886 potuisse
366 809 517 885 asperiora
530 808 676 886 principia
689 804 808 885 calquis
820 803 928 868 modis
941 823 1117 884 comprensa

104 896 198 956 nubes
218 896 346 976 elficere,
368 897 427 955 nisi
445 897 603 976 ignoraret,
626 913 701 973 quae
719 900 799 955 esset
817 894 894 972 apud
912 893 1116 952 Democritum
1139 906 1144 911 ·

107 991 137 1044 et
165 1001 216 1043 eos
239 986 291 1062 qui
314 1001 330 1043 a
352 983 520 1044 Democrito
542 983 668 1061 profecti
691 989 791 1043 essent
813 987 870 1061 τῆς
891 979 973 1042 κατὰ
996 978 1117 1062 μικρὸν

104 1069 277 1146 corduenos
299 1074 344 1130 vis
367 1077 397 1131 et
419 1067 516 1130 ratio?
561 1070 597 1129 dc
621 1089 677 1148 qua
701 1089 733 1131 re
757 1070 822 1130 vide
842 1069 989 1146 Theophr.
1009 1069 1114 1147 fragm.

104 1160 140 1219 de
160 1160 267 1220 sensib.
286 1178 347 1236 par.
363 1155 404 1218 93
425 1150 527 1240 (Diels.
546 1157 666 1236 doxogr.
684 1178 712 1237 p.
728 1155 835 1238 521‚7
856 1166 886 1218 et
905 1156 995 1216 libell.
1014 1175 1116 1217 meum

104 1247 240 1307 scholast.
268 1247 331 1306 llal.
353 1242 439 1307 1884
466 1245 510 1305 ed.
533 1264 561 1323 p.
583 1240 648 1327 17).
671 1246 876 1305 Lachmannus
905 1251 985 1305 certe
1009 1248 1117 1323 etqui

104 1337 132 1394 ei
146 1334 271 1394 creduut
284 1330 404 1411 sceptris
417 1349 595 1410 conmrmsa
607 1332 710 1395 moros
724 1335 879 1411 scripsisse
893 1339 1010 1412 poetam
1020 1332 1117 1393 nubes

105 1421 235 1500 lapidum
258 1422 388 1498 ferrique
413 1419 525 1480 similes
543 1421 662 1481 iaciunt.
678 1421 781 1481 -his
800 1421 943 1498 exemplis
961 1428 995 1481 ut
1011 1423 1117 1499 paucis

104 1543 146 1552 —-
175 1527 243 1570 nam
270 1508 346 1587 elegi
369 1541 411 1551 —
435 1511 475 1568 ita
499 1511 580 1588 satis,
603 1511 718 1589 opinor,
741 1508 899 1569 luculentis
922 1527 969 1568 me
993 1508 1116 1568 demon·

105 1605 215 1658 strasse
249 1616 350 1678 spero,
382 1604 508 1675 quantae
539 1599 571 1656 in
603 1596 741 1658 Lucretio
773 1596 820 1656 vel
852 1596 1036 1657 emendando
1068 1597 1115 1657 vel

104 1685 277 1764 explicando
304 1692 404 1765 partes
432 1693 532 1746 essent
557 1703 674 1761 rerum,
709 1703 833 1764 quarum
860 1693 983 1763 propter
1012 1688 1117 1746 iuren-

103 1777 216 1834 tionem
238 1774 385 1852 Epicurus
409 1777 471 1834 suis
495 1774 543 1834 dei
566 1776 660 1834 instar
683 1774 746 1834 luit.

194 1861 252 1921 Sed
279 1879 316 1920 ne
344 1864 376 1921 in
404 1864 447 1921 eis
475 1861 607 1940 quidem,
635 1880 709 1940 quae
735 1860 825 1920 rebus
849 1863 920 1921 satis
944 1860 1116 1938 patentibus

104 1956 154 2008 aut
186 1967 222 2008 ex
254 1950 467 2008 sententiarum
499 1950 612 2009 ratione
641 1956 671 2008 ct
699 1966 813 2008 conexu
840 1955 890 2007 aut
919 1966 955 2008 ex
983 1951 1118 2008 universi

105 2037 252 2096 sermonis
267 2034 351 2094 latini
364 2042 469 2094 natura
481 2041 511 2094 et
520 2034 617 2094 indole
628 2042 678 2094 aut
688 2054 724 2096 ex
734 2034 910 2096 elocutionis
920 2035 1116 2097 Lucretiauae

103 2123 335 2202 proprietatibus
349 2122 505 2181 iudicanda
520 2129 611 2202 erant,
630 2141 690 2182 non
705 2130 735 2183 et
747 2122 951 2183 Lachmannus
966 2130 996 2183 et
1010 2142 1115 2185 omues

104 2213 272 2289 quicunque
290 2218 359 2289 post
372 2208 591 2270 Lachmannum
610 2213 642 2269 in
661 2229 696 2271 eo
715 2229 818 2290 campo
838 2215 864 2270 si
878 2212 950 2289 quid
963 2219 1116 2290 praestare

103 2316 259 2379 possemus
282 2300 397 2376 experti
420 2315 536 2378 sumno,
563 2301 736 2378 saepissime
759 2301 929 2359 erravimus.
975 2300 1054 2378 quod
1078 2300 1116 2360 de

103 2404 151 2448 me
176 2386 295 2464 quidem
317 2385 513 2446 libentissime
533 2386 636 2446 lateor.
672 2405 741 2446 nam
760 2390 786 2447 si
803 2386 870 2465 plus
890 2394 1003 2466 septem
1021 2386 1117 2448 lustra

102 2478 135 2534 in
170 2474 218 2533 his
250 2474 357 2534 studiis
388 2481 521 2533 versatus
553 2491 613 2533 non
645 2474 750 2554 midta,
787 2493 861 2554 quae
894 2474 965 2534 olim
997 2478 1115 2553 excogi-

102 2569 225 2641 tassem,
262 2580 341 2621 nunc
373 2560 560 2641 abiecissem,
596 2580 643 2623 me
676 2562 751 2622 nihil
784 2562 923 2622 didicisse
956 2563 1117 2623 dicendum

103 2656 175 2709 erat.
216 2667 254 2709 nc
277 2652 369 2727 igitiu
392 2651 458 2727 quis
482 2651 621 2731 miretur,
649 2653 675 2709 si
698 2668 757 2710 uon
779 2669 941 2730 paucarum
964 2653 1115 2711 coniectu·

102 2754 203 2797 rarum
237 2757 254 2797 a
284 2755 332 2796 me
365 2744 432 2797 ante
464 2736 573 2797 multos
607 2755 699 2797 anuos
731 2741 918 2798 inventarum
951 2738 999 2798 hic
1031 2757 1115 2799 men-

101 2827 214 2884 tionem
246 2827 377 2886 inveniet
408 2824 527 2885 nullam.
583 2844 619 2886 ex
652 2825 759 2903 quibus
791 2826 862 2886 alias
895 2825 1002 2905 abieci,
1035 2828 1116 2905 quod

103 2915 147 2973 eis
188 2912 261 2972 locis
302 2915 333 2972 in
374 2915 551 2991 optimorum
587 2912 731 2973 librorum
770 2914 827 2974 lide
864 2915 1115 2993 acquiescendum

103 3000 150 3061 die
165 3000 245 3061 diem
259 3001 382 3061 docente
397 3000 610 3081 intellexeram,
625 3001 706 3081 alias,
721 3002 800 3080 quod
815 3001 850 3062 ab
861 3001 927 3062 aliis
937 3004 1009 3062 riris
1019 3002 1116 3063 doctis

102 3087 226 3148 meliora
248 3095 366 3167 reperta
389 3088 532 3169 videbam,
556 3088 627 3149 alias
651 3089 789 3170 denique,
813 3090 891 3169 quod
910 3093 974 3169 ipse
993 3092 1115 3151 interim

103 3179 216 3253 aptiora
248 3177 284 3235 ad
317 3194 350 3236 ea
383 3194 458 3254 quae
491 3184 630 3255 corrupta
663 3185 747 3238 erant
780 3178 908 3238 sananda
935 3181 1115 3240 inveneram.

101 3281 199 3341 neque
226 3265 319 3341 magis
343 3263 373 3323 id
397 3266 534 3342 cuiquam
558 3265 746 3325 admirationi
770 3268 840 3347 erit,
868 3266 946 3345 quod
970 3267 1060 3327 multa
1083 3271 1116 3327 in

102 3350 254 3412 codicibus
272 3351 388 3431 tradita,
412 3371 486 3430 quae
506 3352 575 3412 olim
595 3360 679 3413 recte
698 3371 730 3413 se
750 3353 859 3414 hahere
878 3354 923 3413 vel
943 3361 1023 3415 certe
1043 3355 1117 3415 ferri

100 3457 188 3518 posse
211 3446 355 3518 putaram,
378 3458 457 3500 nunc
479 3440 554 3500 ferri
575 3459 668 3519 posse
691 3459 779 3520 nego:
803 3442 881 3502 rmde
900 3442 933 3501 fit
956 3449 997 3522 ut,
1021 3442 1117 3503 sicubi

101 3527 266 3588 emendatio
290 3527 374 3587 nulla
396 3535 497 3607 parata
522 3534 580 3610 est,
604 3531 701 3588 crucis
725 3532 841 3608 siguum
865 3532 1048 3608 appingatur.
