2438 3998
118 216 233 274 LXXVI
484 217 764 275 PROLEGOMENA.

116 359 1128 448 Lm.(ss.)ahlenssimaoffensioneprofenus.-1120intasqne

117 452 175 525 00.
193 452 246 514 llr.
270 454 306 514 ci.
325 453 362 514 ad
379 450 495 517 7972:
522 450 681 517 elenrtasee
698 452 793 515 Lm.B.
813 485 855 496 -
876 450 940 516 126
958 449 1129 515 convaluit

115 539 212 602 Bkm.:
230 538 411 604 mammen
425 540 468 622 0.,
486 560 504 604 a
521 550 689 605 correctore
707 537 873 606 manavit.
904 538 1063 604 camunni
1079 539 1126 612 Q.:

115 627 297 692 comminuit
316 629 379 692 Lm.
402 629 435 692 Β.
457 630 524 711 Mn,
552 633 637 711 quasi
659 631 716 691 hoe
738 629 817 691 idem
840 647 907 691 esse
929 632 1025 709 possit
1047 628 1127 708 quod

110 715 267 800 perscidit.
290 751 333 762 -
359 717 419 782 127
443 716 552 783 sea'ssn
572 718 604 780 Β.
627 717 680 780 Mr.
702 715 801 781 massa
822 716 881 790 00.
902 714 980 799 fissa
1000 715 1064 778 Lm.
1082 750 1126 762 -

119 803 181 867 129
199 822 289 886 saepe
310 804 358 870 ita
374 803 431 870 del
447 805 745 871 tmnennsnm'inm:
841 803 898 870 dat
910 803 1050 886 peanum
1067 804 1126 878 00.

115 892 172 957 dal
197 895 317 959 arvum
337 893 404 976 lin,
432 895 485 959 sed
512 895 687 957 indicativus
714 896 787 957 ferri
809 896 922 974 nequit.
966 911 1056 973 saepe
1078 891 1129 958 dei

115 980 194 1046 aaut
216 1000 354 1063 peneum
384 983 447 1046 Lm.
477 981 588 1047 noenn'
614 981 662 1046 ite
692 981 743 1046 dat
765 1000 903 1063 pereum
929 982 961 1044 Β.
990 984 1081 1044 nimis
1111 1001 1127 1043 a

116 1071 261 1133 librorum
286 1072 344 1133 fide
366 1071 518 1134 recedens.
537 1106 579 1116 -
602 1068 663 1133 143
687 1091 750 1152 sqq.
766 1071 815 1149 fit
833 1064 922 1156 (00.)
941 1088 1057 1151 quoque
1075 1117 1082 1131 .
1097 1117 1127 1131 ..

116 1157 259 1223 continno
280 1165 327 1223 aet
348 1153 478 1244 (Lamb.)
502 1158 638 1224 inscidat
656 1159 771 1221 Marull.
794 1159 848 1221 Mn.
872 1153 1022 1244 (inundat
1042 1152 1126 1243 00).

116 1245 365 1328 idqnnque...
389 1246 731 1312 lreca'dele.B.-
758 1243 819 1312 156
845 1245 883 1309 in
908 1249 1033 1310 menne
1058 1264 1129 1310 eole-

117 1334 191 1398 erete'
213 1335 285 1408 OQ.:
313 1333 351 1398 in
371 1338 447 1399 mie.
483 1337 545 1399 Lm.
565 1336 598 1398 B.
696 1333 853 1418 conformi,
872 1333 1071 1416 franpwnlnr,
1094 1338 1127 1396 in

117 1425 234 1501 erlem,
260 1423 313 1484 Mn.
346 1428 431 1504 quasi
462 1433 513 1487 aut
542 1433 658 1487 veteres
686 1427 726 1486 ita
753 1424 881 1504 virgulas
908 1442 1019 1505 ponere
1047 1423 1128 1485 saliti

118 1513 229 1573 luerint
247 1522 298 1574 aut
311 1515 376 1574 sine
394 1516 439 1575 eis
456 1512 545 1575 verba
558 1512 692 1593 intellegi
704 1515 864 1594 potuerint.
874 1545 916 1556 -
930 1510 993 1575 177
1009 1512 1129 1592 lique·

115 1598 176 1664 seit
205 1601 270 1662 edd.
302 1599 334 1662 Β.
365 1601 432 1664 Mna
462 1599 590 1682 quiescit
616 1600 676 1675 00.
707 1597 829 1664 calescit
857 1600 920 1662 Lm.
951 1602 1036 1680 qnasi
1067 1618 1127 1662 non

60 1691 63 1696 ’
118 1688 191 1750 illud
213 1708 282 1754 vero
309 1687 403 1753 mmm
429 1693 524 1752 maius
546 1689 656 1770 aliquid
679 1689 740 1751 diei
761 1688 898 1751 declaret
922 1722 964 1733 -
989 1684 1053 1752 185
1075 1705 1130 1752 me

118 1776 178 1850 00.
209 1777 262 1839 Mn.
290 1779 326 1840 el.
354 1777 476 1843 11167.
519 1796 574 1842 nee
599 1777 661 1840 Lm.
686 1778 718 1840 Β.
746 1810 788 1822 -
814 1775 936 1858 inferne
960 1776 1019 1849 00.
1047 1777 1129 1839 edm:

58 1895 61 1900 ·
117 1863 245 1945 inferna
271 1866 303 1928 B.
331 1868 477 1946 quomodo
499 1866 561 1929 Lm.
589 1866 687 1928 laenm
713 1869 890 1946 perverterit
911 1865 978 1926 vide
1000 1885 1029 1946 p.
1052 1865 1127 1927 xix.

119 1950 183 2016 207
203 1952 315 2032 qnippe
332 1954 451 2018 ateana
469 1950 594 2039 (quippe
611 1954 694 2018 enim
712 1947 795 2038 00),
812 1973 882 2015 nam
899 1972 932 2016 re
951 1973 1020 2015 vera
1039 1972 1128 2015 causa

119 2060 226 2103 causae
258 2041 380 2103 dieitur:
411 2040 488 2123 quin
518 2042 611 2106 eliam
643 2042 802 2105 Lm.Bnlr.
837 2076 880 2087 -
909 2040 973 2105 211
1003 2038 1131 2123 fulqere

120 2128 279 2202 oomnis:
304 2126 425 2210 fnlqore
443 2131 505 2192 Lm.
529 2150 588 2192 non
611 2139 692 2214 apte3
719 2133 771 2211 qni
793 2131 896 2192 eadem
920 2130 1038 2193 licentia
1061 2129 1129 2193 212

120 2225 150 2280 et
167 2215 233 2280 216
248 2214 346 2298 sulpit
361 2237 421 2279 non
436 2215 541 2299 fulpel
553 2213 641 2303 (00)
660 2219 774 2301 scribit,
791 2221 869 2281 intra
887 2238 940 2280 sex
958 2237 1061 2280 versus
1081 2227 1131 2280 len

120 2308 298 2386 optimorum
321 2307 457 2368 codicum
475 2310 648 2369 auctoritate
671 2315 779 2388 spreta.
802 2308 839 2369 ci.
857 2325 885 2388 p.
899 2306 984 2368 XXV.
999 2340 1042 2350 —
1061 2305 1127 2371 218

118 2393 182 2457 ieie
208 2395 299 2458 eius
323 2393 430 2458 inuste
455 2393 579 2475 napaeas
604 2394 696 2476 sepiae
722 2396 754 2457 Β.
790 2392 854 2458 ieie
879 2397 910 2458 el
932 2393 1039 2458 inuste
1068 2394 1128 2467 00.

104 2482 181 2549 aem
195 2479 261 2545 loce
273 2480 387 2560 inusta,
405 2482 529 2563 vaporis
541 2482 634 2564 51905
641 2485 704 2546 Lm.
716 2519 759 2529 -
770 2482 836 2548 226
851 2482 979 2546 mansii.
989 2530 995 2544 .
1007 2479 1129 2563 selenen

116 2588 174 2650 per
185 2572 272 2650 septe
289 2569 448 2634 damnem
465 2569 581 2636 elnener
598 2574 634 2635 ul
648 2589 686 2634 qe
701 2589 793 2650 eoem,
812 2570 926 2634 mansit
931 2589 991 2652 per
1003 2588 1106 2634 enan.
1121 2620 1127 2632 .

120 2658 247 2731 OQMn:
263 2705 270 2720 .
285 2705 314 2720 ..
334 2657 455 2739 fulmen
473 2660 512 2739 []
529 2678 684 2741 perenne
700 2670 755 2723 etc.
773 2662 836 2723 Lm.
855 2663 926 2723 item
949 2660 980 2721 B.
1000 2694 1042 2703 —
1062 2658 1129 2723 240

118 2748 338 2810 monimenta
352 2746 455 2811 airum
468 2747 609 2812 demaine
622 2743 806 2832 (eonnnoliri
819 2743 884 2834 OQ)
899 2751 989 2828 alque
1000 2745 1023 2832 †
1035 2747 1129 2812 eiere:

120 2833 256 2899 lamenta
281 2833 385 2898 emunt
409 2845 464 2899 ele.
486 2837 582 2900 Lm.B.
608 2835 796 2902 annumerata
822 2857 849 2901 v.
871 2834 1013 2902 demohla'
1039 2839 1131 2918 aqna

119 2942 255 2989 ermanno
283 2923 350 3006 Mn,
382 2928 466 3005 quasi
498 2925 610 3006 lapides
645 2929 707 3005 igni
738 2929 872 2988 consumi
902 2929 1026 3007 possint.
1072 2926 1129 2987 alia

120 3033 180 3075 non
197 3015 291 3093 magis
312 3016 376 3075 veri
399 3013 506 3076 similia
528 3014 594 3076 vide
613 3033 658 3094 ap.
676 3014 747 3075 Poll.
771 3015 788 3076 1.
812 3034 836 3076 a.
856 3049 898 3060 —-
918 3012 998 3094 [252
1008 3014 1065 3095 sq]
1085 3042 1129 3064 =

120 3100 279 3181 1v172sq.
294 3101 377 3163 Bkm.
387 3101 550 3164 Neumann.
565 3103 602 3163 de
615 3102 763 3183 interpell.
777 3122 805 3183 p.
816 3100 866 3164 69.
877 3137 920 3147 -
932 3101 998 3166 264
1011 3105 1129 3166 eamne-

120 3190 182 3250 lus
202 3188 283 3266 sorel
304 3188 406 3253 aether
423 3191 506 3252 Bkm.
529 3189 673 3254 eeiruells
691 3190 816 3263 OQedd.
831 3224 873 3235 —-
889 3188 962 3254 282.
986 3192 1131 3255 ohanne

119 3278 155 3339 m
168 3275 359 3339 sedeamus.
375 3325 382 3340 .
397 3275 474 3341 caeli
487 3276 599 3358 {erepla
613 3279 702 3340 Goeb.
717 3287 829 3359 quaest.
842 3300 871 3361 p.
885 3278 937 3341 26.
956 3279 993 3341 el.
1007 3278 1129 3342 111772.

119 3362 290 3445 eppmenere
317 3364 375 3438 00.
401 3367 516 3433 Vahlen
538 3368 556 3430 1.
581 3387 604 3428 c.
632 3388 660 3448 p.
682 3366 731 3430 12.
769 3368 847 3447 quod
875 3367 944 3430 olim
973 3386 1129 3449 perperam

119 3454 254 3536 probavi3
281 3472 350 3514 nam
378 3473 437 3516 non
464 3463 545 3535 patet
572 3457 644 3536 quid
670 3456 804 3518 futurum
829 3458 868 3518 sit
889 3462 924 3518 ut
947 3458 1131 3537 opprimatur

119 3542 209 3604 eaelo.
251 3541 420 3622 enpra'enere
451 3542 512 3606 Lm.
550 3547 697 3605 sententia
732 3562 792 3605 nan
827 3552 990 3626 perspecta.
1023 3544 1132 3606 melius
