<?xml version="1.0" encoding="UTF-8"?>
<!DOCTYPE html PUBLIC "-//W3C//DTD XHTML 1.0 Transitional//EN"
    "http://www.w3.org/TR/xhtml1/DTD/xhtml1-transitional.dtd">
<html xmlns="http://www.w3.org/1999/xhtml" xml:lang="en" lang="en">
 <head>
  <title>
</title>
<meta http-equiv="Content-Type" content="text/html;charset=utf-8" />
  <meta name='ocr-system' content='tesseract 3.04.00' />
  <meta name='ocr-capabilities' content='ocr_page ocr_carea ocr_par ocr_line ocrx_word'/>
</head>
<body>
  <div class='ocr_page' id='page_1' title='image "./tlucreticarider02carugoog_0113.png"; bbox 0 0 2438 3998; ppageno 0'>
   <div class='ocr_carea' id='block_1_1' title="bbox 131 269 645 333">
    <p class='ocr_par' dir='ltr' id='par_1_1' title="bbox 131 269 645 333">
     <span class='ocr_line' id='line_1_1' title="bbox 131 269 645 333; baseline -0.004 0"><span class='ocrx_word' id='word_1_1' title='bbox 131 269 177 333; x_wconf 82' lang='lat'><strong>24</strong></span> <span class='ocrx_word' id='word_1_2' title='bbox 631 269 645 323; x_wconf 90' lang='lat' dir='ltr'><strong>l</strong></span> 
     </span>
    </p>
   </div>
   <div class='ocr_carea' id='block_1_2' title="bbox 132 415 1150 2515">
    <p class='ocr_par' dir='ltr' id='par_1_2' title="bbox 132 415 1150 2515">
     <span class='ocr_line' id='line_1_2' title="bbox 204 415 950 496; baseline 0.001 -19"><span class='ocrx_word' id='word_1_3' title='bbox 204 417 359 494; x_wconf 79' lang='lat' dir='ltr'>sanguinis</span> <span class='ocrx_word' id='word_1_4' title='bbox 381 418 461 476; x_wconf 91' lang='lat' dir='ltr'><strong>inter</strong></span> <span class='ocrx_word' id='word_1_5' title='bbox 484 433 516 476; x_wconf 93' lang='lat' dir='ltr'><strong>se</strong></span> <span class='ocrx_word' id='word_1_6' title='bbox 538 415 641 476; x_wconf 90' lang='lat' dir='ltr'><strong>multis</strong></span> <span class='ocrx_word' id='word_1_7' title='bbox 665 416 832 478; x_wconf 75' lang='lat' dir='ltr'><strong>coeuntibn&#39;</strong></span> <span class='ocrx_word' id='word_1_8' title='bbox 855 419 950 496; x_wconf 85' lang='lat' dir='ltr'><strong>guttis</strong></span> 
     </span>
     <span class='ocr_line' id='line_1_3' title="bbox 204 506 902 585; baseline 0 -20"><span class='ocrx_word' id='word_1_9' title='bbox 204 522 241 565; x_wconf 90' lang='lat' dir='ltr'><strong>ex</strong></span> <span class='ocrx_word' id='word_1_10' title='bbox 265 506 388 582; x_wconf 78' lang='lat' dir='ltr'>aurique</span> <span class='ocrx_word' id='word_1_11' title='bbox 411 509 495 582; x_wconf 92' lang='lat' dir='ltr'><strong>putat</strong></span> <span class='ocrx_word' id='word_1_12' title='bbox 517 506 604 565; x_wconf 91' lang='lat' dir='ltr'><strong>micis</strong></span> <span class='ocrx_word' id='word_1_13' title='bbox 627 506 791 565; x_wconf 79' lang='lat' dir='ltr'><strong>consistere</strong></span> <span class='ocrx_word' id='word_1_14' title='bbox 813 523 902 585; x_wconf 89' lang='lat' dir='ltr'><strong>posse</strong></span> 
     </span>
     <span class='ocr_line' id='line_1_4' title="bbox 132 591 1146 674; baseline -0.004 -23"><span class='ocrx_word' id='word_1_15' title='bbox 132 599 189 651; x_wconf 74' lang='lat'><strong>840</strong></span> <span class='ocrx_word' id='word_1_16' title='bbox 202 610 308 654; x_wconf 91' lang='lat' dir='ltr'><strong>aurum</strong></span> <span class='ocrx_word' id='word_1_17' title='bbox 331 591 420 652; x_wconf 89' lang='lat' dir='ltr'><strong>etde</strong></span> <span class='ocrx_word' id='word_1_18' title='bbox 443 593 533 653; x_wconf 90' lang='lat' dir='ltr'><strong>terris</strong></span> <span class='ocrx_word' id='word_1_19' title='bbox 556 599 667 653; x_wconf 89' lang='lat' dir='ltr'><strong>terram</strong></span> <span class='ocrx_word' id='word_1_20' title='bbox 690 610 883 653; x_wconf 80' lang='lat' dir='ltr'><strong>concrescere</strong></span> <span class='ocrx_word' id='word_1_21' title='bbox 905 593 1019 674; x_wconf 88' lang='lat' dir='ltr'><strong>parvis,</strong></span> <span class='ocrx_word' id='word_1_22' title='bbox 1104 607 1146 647; x_wconf 78' lang='lat' dir='ltr'><strong>aio</strong></span> 
     </span>
     <span class='ocr_line' id='line_1_5' title="bbox 630 698 649 738; baseline 0 0"><span class='ocrx_word' id='word_1_23' title='bbox 630 698 649 738; x_wconf 67' lang='lat' dir='ltr'><strong>a</strong></span> 
     </span>
     <span class='ocr_line' id='line_1_6' title="bbox 132 767 915 850; baseline 0.003 -24"><span class='ocrx_word' id='word_1_24' title='bbox 132 773 186 826; x_wconf 76' lang='lat'><strong>836</strong></span> <span class='ocrx_word' id='word_1_25' title='bbox 205 767 324 846; x_wconf 83' lang='lat' dir='ltr'><strong>ignibus</strong></span> <span class='ocrx_word' id='word_1_26' title='bbox 347 769 476 848; x_wconf 79' lang='lat' dir='ltr'><strong>exiguis,</strong></span> <span class='ocrx_word' id='word_1_27' title='bbox 498 785 633 829; x_wconf 90' lang='lat' dir='ltr'><strong>umorem</strong></span> <span class='ocrx_word' id='word_1_28' title='bbox 655 767 811 830; x_wconf 90' lang='lat' dir='ltr'><strong>umoribus</strong></span> <span class='ocrx_word' id='word_1_29' title='bbox 834 784 915 850; x_wconf 90' lang='lat' dir='ltr'><strong>esse,</strong></span> 
     </span>
     <span class='ocr_line' id='line_1_7' title="bbox 206 855 893 934; baseline 0 -18"><span class='ocrx_word' id='word_1_30' title='bbox 206 863 305 916; x_wconf 87' lang='lat' dir='ltr'><strong>cetera</strong></span> <span class='ocrx_word' id='word_1_31' title='bbox 328 855 476 916; x_wconf 89' lang='lat' dir='ltr'><strong>consimili</strong></span> <span class='ocrx_word' id='word_1_32' title='bbox 498 856 583 934; x_wconf 88' lang='lat' dir='ltr'><strong>fingit</strong></span> <span class='ocrx_word' id='word_1_33' title='bbox 605 857 719 916; x_wconf 88' lang='lat' dir='ltr'><strong>ratione</strong></span> <span class='ocrx_word' id='word_1_34' title='bbox 741 862 893 934; x_wconf 88' lang='lat' dir='ltr'><strong>putatque.</strong></span> 
     </span>
     <span class='ocr_line' id='line_1_8' title="bbox 205 942 1100 1022; baseline 0 -19"><span class='ocrx_word' id='word_1_35' title='bbox 205 951 383 1005; x_wconf 81' lang='lat' dir='ltr'><strong>nontamen</strong></span> <span class='ocrx_word' id='word_1_36' title='bbox 407 961 473 1004; x_wconf 88' lang='lat' dir='ltr'><strong>esse</strong></span> <span class='ocrx_word' id='word_1_37' title='bbox 495 943 554 1004; x_wconf 92' lang='lat' dir='ltr'><strong>ulla</strong></span> <span class='ocrx_word' id='word_1_38' title='bbox 577 944 657 1004; x_wconf 92' lang='lat' dir='ltr'><strong>idem</strong></span> <span class='ocrx_word' id='word_1_39' title='bbox 679 961 717 1006; x_wconf 72' lang='lat' dir='ltr'><strong>aaa</strong></span> <span class='ocrx_word' id='word_1_40' title='bbox 738 950 822 1022; x_wconf 89' lang='lat' dir='ltr'><strong>parte</strong></span> <span class='ocrx_word' id='word_1_41' title='bbox 845 946 877 1002; x_wconf 90' lang='lat' dir='ltr'><strong>in</strong></span> <span class='ocrx_word' id='word_1_42' title='bbox 900 942 990 1004; x_wconf 90' lang='lat' dir='ltr'><strong>rebus</strong></span> <span class='ocrx_word' id='word_1_43' title='bbox 1013 944 1100 1004; x_wconf 85' lang='lat' dir='ltr'><strong>inane</strong></span> 
     </span>
     <span class='ocr_line' id='line_1_9' title="bbox 206 1031 1045 1113; baseline -0.001 -21"><span class='ocrx_word' id='word_1_44' title='bbox 206 1032 354 1113; x_wconf 90' lang='lat' dir='ltr'><strong>concedit,</strong></span> <span class='ocrx_word' id='word_1_45' title='bbox 376 1050 474 1111; x_wconf 91' lang='lat' dir='ltr'><strong>neque</strong></span> <span class='ocrx_word' id='word_1_46' title='bbox 497 1031 673 1110; x_wconf 91' lang='lat' dir='ltr'><strong>corporibus</strong></span> <span class='ocrx_word' id='word_1_47' title='bbox 696 1032 786 1092; x_wconf 87' lang='lat' dir='ltr'><strong>finem</strong></span> <span class='ocrx_word' id='word_1_48' title='bbox 810 1048 876 1091; x_wconf 91' lang='lat' dir='ltr'><strong>esse</strong></span> <span class='ocrx_word' id='word_1_49' title='bbox 900 1031 1045 1092; x_wconf 85' lang='lat' dir='ltr'><strong>secandis.</strong></span> 
     </span>
     <span class='ocr_line' id='line_1_10' title="bbox 134 1120 1146 1199; baseline -0.003 -22"><span class='ocrx_word' id='word_1_50' title='bbox 134 1127 190 1178; x_wconf 78' lang='lat'><strong>845</strong></span> <span class='ocrx_word' id='word_1_51' title='bbox 205 1139 295 1199; x_wconf 90' lang='lat' dir='ltr'><strong>quare</strong></span> <span class='ocrx_word' id='word_1_52' title='bbox 318 1122 350 1179; x_wconf 91' lang='lat' dir='ltr'><strong>in</strong></span> <span class='ocrx_word' id='word_1_53' title='bbox 372 1126 497 1199; x_wconf 89' lang='lat' dir='ltr'><strong>utraque</strong></span> <span class='ocrx_word' id='word_1_54' title='bbox 520 1120 594 1179; x_wconf 90' lang='lat' dir='ltr'><strong>mihi</strong></span> <span class='ocrx_word' id='word_1_55' title='bbox 616 1121 729 1198; x_wconf 89' lang='lat' dir='ltr'><strong>pariter</strong></span> <span class='ocrx_word' id='word_1_56' title='bbox 751 1121 865 1179; x_wconf 88' lang='lat' dir='ltr'><strong>ratione</strong></span> <span class='ocrx_word' id='word_1_57' title='bbox 888 1120 1006 1180; x_wconf 87' lang='lat' dir='ltr'><strong>videtur</strong></span> <span class='ocrx_word' id='word_1_58' title='bbox 1104 1133 1146 1174; x_wconf 78' lang='lat' dir='ltr'><strong>oco</strong></span> 
     </span>
     <span class='ocr_line' id='line_1_11' title="bbox 134 1207 961 1287; baseline 0.005 -23"><span class='ocrx_word' id='word_1_59' title='bbox 134 1215 188 1266; x_wconf 82' lang='lat'><strong>840</strong></span> <span class='ocrx_word' id='word_1_60' title='bbox 208 1226 307 1268; x_wconf 87' lang='lat' dir='ltr'><strong>errare</strong></span> <span class='ocrx_word' id='word_1_61' title='bbox 330 1215 418 1286; x_wconf 89' lang='lat' dir='ltr'><strong>atque</strong></span> <span class='ocrx_word' id='word_1_62' title='bbox 442 1207 499 1287; x_wconf 93' lang='lat' dir='ltr'><strong>illi,</strong></span> <span class='ocrx_word' id='word_1_63' title='bbox 523 1224 612 1285; x_wconf 90' lang='lat' dir='ltr'><strong>supra</strong></span> <span class='ocrx_word' id='word_1_64' title='bbox 635 1225 711 1286; x_wconf 91' lang='lat' dir='ltr'><strong>quos</strong></span> <span class='ocrx_word' id='word_1_65' title='bbox 734 1207 862 1267; x_wconf 84' lang='lat' dir='ltr'><strong>diximus</strong></span> <span class='ocrx_word' id='word_1_66' title='bbox 885 1214 961 1268; x_wconf 88' lang='lat' dir='ltr'><strong>ante.</strong></span> 
     </span>
     <span class='ocr_line' id='line_1_12' title="bbox 207 1292 959 1376; baseline -0.001 -21"><span class='ocrx_word' id='word_1_67' title='bbox 207 1296 280 1356; x_wconf 92' lang='lat' dir='ltr'><strong>adde</strong></span> <span class='ocrx_word' id='word_1_68' title='bbox 304 1295 383 1374; x_wconf 92' lang='lat' dir='ltr'><strong>quod</strong></span> <span class='ocrx_word' id='word_1_69' title='bbox 405 1292 542 1354; x_wconf 88' lang='lat' dir='ltr'><strong>inbecilla</strong></span> <span class='ocrx_word' id='word_1_70' title='bbox 564 1296 654 1355; x_wconf 91' lang='lat' dir='ltr'><strong>nimis</strong></span> <span class='ocrx_word' id='word_1_71' title='bbox 676 1294 838 1375; x_wconf 92' lang='lat' dir='ltr'><strong>primordia</strong></span> <span class='ocrx_word' id='word_1_72' title='bbox 861 1295 959 1376; x_wconf 83' lang='lat' dir='ltr'><strong>lingit3</strong></span> 
     </span>
     <span class='ocr_line' id='line_1_13' title="bbox 207 1381 1054 1463; baseline -0.001 -20"><span class='ocrx_word' id='word_1_73' title='bbox 207 1386 234 1443; x_wconf 93' lang='lat' dir='ltr'><strong>si</strong></span> <span class='ocrx_word' id='word_1_74' title='bbox 255 1381 419 1462; x_wconf 85' lang='lat' dir='ltr'><strong>primordia</strong></span> <span class='ocrx_word' id='word_1_75' title='bbox 442 1389 524 1463; x_wconf 91' lang='lat' dir='ltr'><strong>sunt,</strong></span> <span class='ocrx_word' id='word_1_76' title='bbox 548 1382 640 1442; x_wconf 88' lang='lat' dir='ltr'><strong>simili</strong></span> <span class='ocrx_word' id='word_1_77' title='bbox 663 1401 738 1462; x_wconf 91' lang='lat' dir='ltr'><strong>quae</strong></span> <span class='ocrx_word' id='word_1_78' title='bbox 760 1382 894 1462; x_wconf 87' lang='lat' dir='ltr'><strong>praedita</strong></span> <span class='ocrx_word' id='word_1_79' title='bbox 917 1388 1054 1442; x_wconf 91' lang='lat' dir='ltr'><strong>coustant</strong></span> 
     </span>
     <span class='ocr_line' id='line_1_14' title="bbox 207 1469 1036 1552; baseline -0.001 -21"><span class='ocrx_word' id='word_1_80' title='bbox 207 1477 311 1531; x_wconf 89' lang='lat' dir='ltr'><strong>natura</strong></span> <span class='ocrx_word' id='word_1_81' title='bbox 333 1477 421 1549; x_wconf 90' lang='lat' dir='ltr'><strong>atque</strong></span> <span class='ocrx_word' id='word_1_82' title='bbox 443 1471 525 1549; x_wconf 91' lang='lat' dir='ltr'><strong>ipsae</strong></span> <span class='ocrx_word' id='word_1_83' title='bbox 548 1488 597 1530; x_wconf 91' lang='lat' dir='ltr'><strong>res</strong></span> <span class='ocrx_word' id='word_1_84' title='bbox 621 1476 703 1552; x_wconf 90' lang='lat' dir='ltr'><strong>suut,</strong></span> <span class='ocrx_word' id='word_1_85' title='bbox 726 1488 878 1550; x_wconf 88' lang='lat' dir='ltr'><strong>aequeque</strong></span> <span class='ocrx_word' id='word_1_86' title='bbox 900 1469 1036 1530; x_wconf 88' lang='lat' dir='ltr'><strong>laborant</strong></span> 
     </span>
     <span class='ocr_line' id='line_1_15' title="bbox 134 1557 1148 1640; baseline -0.005 -23"><span class='ocrx_word' id='word_1_87' title='bbox 134 1565 193 1617; x_wconf 82' lang='lat'><strong>850</strong></span> <span class='ocrx_word' id='word_1_88' title='bbox 208 1565 238 1618; x_wconf 91' lang='lat' dir='ltr'><strong>et</strong></span> <span class='ocrx_word' id='word_1_89' title='bbox 259 1565 399 1640; x_wconf 89' lang='lat' dir='ltr'><strong>pereunt,</strong></span> <span class='ocrx_word' id='word_1_90' title='bbox 421 1576 518 1637; x_wconf 88' lang='lat' dir='ltr'><strong>neque</strong></span> <span class='ocrx_word' id='word_1_91' title='bbox 541 1557 578 1618; x_wconf 85' lang='lat' dir='ltr'><strong>ab</strong></span> <span class='ocrx_word' id='word_1_92' title='bbox 601 1560 692 1619; x_wconf 91' lang='lat' dir='ltr'><strong>exitio</strong></span> <span class='ocrx_word' id='word_1_93' title='bbox 715 1576 764 1620; x_wconf 90' lang='lat' dir='ltr'><strong>res</strong></span> <span class='ocrx_word' id='word_1_94' title='bbox 786 1557 845 1618; x_wconf 89' lang='lat' dir='ltr'><strong>ulla</strong></span> <span class='ocrx_word' id='word_1_95' title='bbox 868 1559 1008 1618; x_wconf 85' lang='lat' dir='ltr'><strong>refrenat.</strong></span> <span class='ocrx_word' id='word_1_96' title='bbox 1105 1571 1148 1613; x_wconf 82' lang='lat' dir='ltr'><strong>aro</strong></span> 
     </span>
     <span class='ocr_line' id='line_1_16' title="bbox 134 1645 990 1727; baseline 0.001 -22"><span class='ocrx_word' id='word_1_97' title='bbox 134 1654 188 1704; x_wconf 76' lang='lat'><strong>845</strong></span> <span class='ocrx_word' id='word_1_98' title='bbox 206 1664 274 1707; x_wconf 86' lang='lat' dir='ltr'><strong>nam</strong></span> <span class='ocrx_word' id='word_1_99' title='bbox 298 1646 368 1725; x_wconf 91' lang='lat' dir='ltr'><strong>quid</strong></span> <span class='ocrx_word' id='word_1_100' title='bbox 391 1649 423 1706; x_wconf 93' lang='lat' dir='ltr'><strong>in</strong></span> <span class='ocrx_word' id='word_1_101' title='bbox 447 1664 591 1726; x_wconf 88' lang='lat' dir='ltr'><strong>oppressu</strong></span> <span class='ocrx_word' id='word_1_102' title='bbox 613 1645 709 1706; x_wconf 85' lang='lat' dir='ltr'><strong>valido</strong></span> <span class='ocrx_word' id='word_1_103' title='bbox 732 1645 851 1707; x_wconf 87' lang='lat' dir='ltr'><strong>durabit</strong></span> <span class='ocrx_word' id='word_1_104' title='bbox 872 1663 990 1727; x_wconf 90' lang='lat' dir='ltr'><strong>eorum,</strong></span> 
     </span>
     <span class='ocr_line' id='line_1_17' title="bbox 206 1731 973 1815; baseline -0.001 -20"><span class='ocrx_word' id='word_1_105' title='bbox 206 1742 240 1796; x_wconf 94' lang='lat' dir='ltr'><strong>ut</strong></span> <span class='ocrx_word' id='word_1_106' title='bbox 262 1741 389 1795; x_wconf 91' lang='lat' dir='ltr'><strong>mortem</strong></span> <span class='ocrx_word' id='word_1_107' title='bbox 411 1735 544 1815; x_wconf 78' lang='lat' dir='ltr'><strong>effugiat,</strong></span> <span class='ocrx_word' id='word_1_108' title='bbox 562 1733 615 1796; x_wconf 92' lang='lat' dir='ltr'><strong>leti</strong></span> <span class='ocrx_word' id='word_1_109' title='bbox 637 1733 692 1794; x_wconf 88' lang='lat' dir='ltr'><strong>sub</strong></span> <span class='ocrx_word' id='word_1_110' title='bbox 716 1733 854 1795; x_wconf 87' lang='lat' dir='ltr'><strong>dentibus</strong></span> <span class='ocrx_word' id='word_1_111' title='bbox 877 1731 973 1812; x_wconf 82' lang='lat' dir='ltr'><strong>ipsis?</strong></span> 
     </span>
     <span class='ocr_line' id='line_1_18' title="bbox 207 1818 1148 1904; baseline 0.001 -22"><span class='ocrx_word' id='word_1_112' title='bbox 207 1824 295 1904; x_wconf 90' lang='lat' dir='ltr'><strong>ignis,</strong></span> <span class='ocrx_word' id='word_1_113' title='bbox 308 1841 345 1883; x_wconf 90' lang='lat' dir='ltr'><strong>an</strong></span> <span class='ocrx_word' id='word_1_114' title='bbox 359 1840 454 1903; x_wconf 91' lang='lat' dir='ltr'><strong>umor,</strong></span> <span class='ocrx_word' id='word_1_115' title='bbox 468 1840 505 1883; x_wconf 92' lang='lat' dir='ltr'><strong>an</strong></span> <span class='ocrx_word' id='word_1_116' title='bbox 517 1819 609 1883; x_wconf 82' lang='lat' dir='ltr'><strong>aura?</strong></span> <span class='ocrx_word' id='word_1_117' title='bbox 628 1822 697 1901; x_wconf 93' lang='lat' dir='ltr'><strong>quid</strong></span> <span class='ocrx_word' id='word_1_118' title='bbox 706 1818 836 1883; x_wconf 82' lang='lat' dir='ltr'><strong>horum?</strong></span> <span class='ocrx_word' id='word_1_119' title='bbox 854 1839 995 1902; x_wconf 82' lang='lat' dir='ltr'><strong>sanguen,</strong></span> <span class='ocrx_word' id='word_1_120' title='bbox 1009 1839 1046 1882; x_wconf 93' lang='lat' dir='ltr'><strong>an</strong></span> <span class='ocrx_word' id='word_1_121' title='bbox 1056 1819 1148 1883; x_wconf 83' lang='lat' dir='ltr'><strong>ossa?</strong></span> 
     </span>
     <span class='ocr_line' id='line_1_19' title="bbox 209 1909 1061 1991; baseline 0.002 -23"><span class='ocrx_word' id='word_1_122' title='bbox 209 1909 264 1991; x_wconf 92' lang='lat' dir='ltr'><strong>nil,</strong></span> <span class='ocrx_word' id='word_1_123' title='bbox 287 1917 321 1969; x_wconf 92' lang='lat' dir='ltr'><strong>ut</strong></span> <span class='ocrx_word' id='word_1_124' title='bbox 343 1912 460 1990; x_wconf 84' lang='lat' dir='ltr'><strong>opinor,</strong></span> <span class='ocrx_word' id='word_1_125' title='bbox 483 1910 536 1971; x_wconf 89' lang='lat' dir='ltr'><strong>nbi</strong></span> <span class='ocrx_word' id='word_1_126' title='bbox 559 1928 712 1989; x_wconf 88' lang='lat' dir='ltr'><strong>exaequo</strong></span> <span class='ocrx_word' id='word_1_127' title='bbox 735 1928 784 1970; x_wconf 91' lang='lat' dir='ltr'><strong>res</strong></span> <span class='ocrx_word' id='word_1_128' title='bbox 808 1910 941 1970; x_wconf 88' lang='lat' dir='ltr'><strong>lunditus</strong></span> <span class='ocrx_word' id='word_1_129' title='bbox 964 1912 1061 1970; x_wconf 89' lang='lat' dir='ltr'><strong>omnis</strong></span> 
     </span>
     <span class='ocr_line' id='line_1_20' title="bbox 135 1997 1146 2078; baseline -0.005 -21"><span class='ocrx_word' id='word_1_130' title='bbox 135 2005 193 2057; x_wconf 82' lang='lat'><strong>855</strong></span> <span class='ocrx_word' id='word_1_131' title='bbox 209 2005 270 2058; x_wconf 88' lang='lat' dir='ltr'><strong>tam</strong></span> <span class='ocrx_word' id='word_1_132' title='bbox 292 1997 425 2057; x_wconf 90' lang='lat' dir='ltr'><strong>mortalis</strong></span> <span class='ocrx_word' id='word_1_133' title='bbox 448 2000 506 2058; x_wconf 90' lang='lat' dir='ltr'><strong>erit</strong></span> <span class='ocrx_word' id='word_1_134' title='bbox 529 2016 616 2076; x_wconf 91' lang='lat' dir='ltr'><strong>quam</strong></span> <span class='ocrx_word' id='word_1_135' title='bbox 640 2017 714 2078; x_wconf 88' lang='lat' dir='ltr'><strong>quae</strong></span> <span class='ocrx_word' id='word_1_136' title='bbox 737 1998 893 2059; x_wconf 83' lang='lat' dir='ltr'><strong>manifesta</strong></span> <span class='ocrx_word' id='word_1_137' title='bbox 914 1997 1049 2058; x_wconf 81' lang='lat' dir='ltr'><strong>ridemus</strong></span> <span class='ocrx_word' id='word_1_138' title='bbox 1105 2009 1146 2053; x_wconf 78' lang='lat' dir='ltr'><strong>aaa</strong></span> 
     </span>
     <span class='ocr_line' id='line_1_21' title="bbox 135 2084 898 2164; baseline 0.003 -20"><span class='ocrx_word' id='word_1_139' title='bbox 135 2091 189 2144; x_wconf 77' lang='lat'><strong>850</strong></span> <span class='ocrx_word' id='word_1_140' title='bbox 208 2104 244 2146; x_wconf 93' lang='lat' dir='ltr'><strong>ex</strong></span> <span class='ocrx_word' id='word_1_141' title='bbox 268 2084 363 2145; x_wconf 90' lang='lat' dir='ltr'><strong>oculis</strong></span> <span class='ocrx_word' id='word_1_142' title='bbox 385 2087 497 2145; x_wconf 91' lang='lat' dir='ltr'><strong>uostris</strong></span> <span class='ocrx_word' id='word_1_143' title='bbox 520 2085 617 2163; x_wconf 88' lang='lat' dir='ltr'><strong>aliqua</strong></span> <span class='ocrx_word' id='word_1_144' title='bbox 639 2089 669 2146; x_wconf 90' lang='lat' dir='ltr'><strong>vi</strong></span> <span class='ocrx_word' id='word_1_145' title='bbox 691 2088 769 2146; x_wconf 87' lang='lat' dir='ltr'><strong>ricta</strong></span> <span class='ocrx_word' id='word_1_146' title='bbox 790 2088 898 2164; x_wconf 89' lang='lat' dir='ltr'><strong>perire.</strong></span> 
     </span>
     <span class='ocr_line' id='line_1_22' title="bbox 209 2172 1148 2252; baseline 0.002 -19"><span class='ocrx_word' id='word_1_147' title='bbox 209 2179 239 2233; x_wconf 88' lang='lat' dir='ltr'><strong>at</strong></span> <span class='ocrx_word' id='word_1_148' title='bbox 265 2190 361 2251; x_wconf 92' lang='lat' dir='ltr'><strong>neque</strong></span> <span class='ocrx_word' id='word_1_149' title='bbox 389 2172 540 2233; x_wconf 88' lang='lat' dir='ltr'><strong>reccidere</strong></span> <span class='ocrx_word' id='word_1_150' title='bbox 569 2173 605 2233; x_wconf 92' lang='lat' dir='ltr'><strong>ad</strong></span> <span class='ocrx_word' id='word_1_151' title='bbox 627 2173 721 2234; x_wconf 90' lang='lat' dir='ltr'><strong>nilum</strong></span> <span class='ocrx_word' id='word_1_152' title='bbox 744 2191 792 2234; x_wconf 91' lang='lat' dir='ltr'><strong>res</strong></span> <span class='ocrx_word' id='word_1_153' title='bbox 815 2191 904 2252; x_wconf 90' lang='lat' dir='ltr'><strong>posse</strong></span> <span class='ocrx_word' id='word_1_154' title='bbox 926 2190 1023 2252; x_wconf 91' lang='lat' dir='ltr'><strong>neque</strong></span> <span class='ocrx_word' id='word_1_155' title='bbox 1047 2180 1148 2235; x_wconf 90' lang='lat' dir='ltr'><strong>autem</strong></span> 
     </span>
     <span class='ocr_line' id='line_1_23' title="bbox 208 2259 935 2341; baseline -0.001 -20"><span class='ocrx_word' id='word_1_156' title='bbox 208 2278 344 2321; x_wconf 88' lang='lat' dir='ltr'><strong>crescere</strong></span> <span class='ocrx_word' id='word_1_157' title='bbox 367 2260 404 2320; x_wconf 88' lang='lat' dir='ltr'><strong>de</strong></span> <span class='ocrx_word' id='word_1_158' title='bbox 426 2259 487 2320; x_wconf 93' lang='lat' dir='ltr'><strong>nilo</strong></span> <span class='ocrx_word' id='word_1_159' title='bbox 510 2267 604 2322; x_wconf 88' lang='lat' dir='ltr'><strong>testor</strong></span> <span class='ocrx_word' id='word_1_160' title='bbox 626 2279 676 2322; x_wconf 88' lang='lat' dir='ltr'><strong>res</strong></span> <span class='ocrx_word' id='word_1_161' title='bbox 699 2268 766 2322; x_wconf 92' lang='lat' dir='ltr'><strong>ante</strong></span> <span class='ocrx_word' id='word_1_162' title='bbox 788 2259 935 2341; x_wconf 90' lang='lat' dir='ltr'><strong>probatas.</strong></span> 
     </span>
     <span class='ocr_line' id='line_1_24' title="bbox 208 2348 1019 2429; baseline 0 -21"><span class='ocrx_word' id='word_1_163' title='bbox 208 2355 361 2428; x_wconf 87' lang='lat' dir='ltr'><strong>praeterea</strong></span> <span class='ocrx_word' id='word_1_164' title='bbox 385 2350 523 2426; x_wconf 91' lang='lat' dir='ltr'><strong>quoniam</strong></span> <span class='ocrx_word' id='word_1_165' title='bbox 546 2348 631 2409; x_wconf 87' lang='lat' dir='ltr'><strong>cibus</strong></span> <span class='ocrx_word' id='word_1_166' title='bbox 654 2357 742 2428; x_wconf 91' lang='lat' dir='ltr'><strong>auget</strong></span> <span class='ocrx_word' id='word_1_167' title='bbox 763 2366 871 2428; x_wconf 90' lang='lat' dir='ltr'><strong>corpus</strong></span> <span class='ocrx_word' id='word_1_168' title='bbox 894 2348 1019 2429; x_wconf 86' lang='lat' dir='ltr'><strong>alitque,</strong></span> 
     </span>
     <span class='ocr_line' id='line_1_25' title="bbox 136 2434 1150 2515; baseline 0.002 -20"><span class='ocrx_word' id='word_1_169' title='bbox 136 2443 194 2495; x_wconf 81' lang='lat'><strong>860</strong></span> <span class='ocrx_word' id='word_1_170' title='bbox 208 2439 284 2497; x_wconf 91' lang='lat' dir='ltr'><strong>scire</strong></span> <span class='ocrx_word' id='word_1_171' title='bbox 308 2435 378 2496; x_wconf 89' lang='lat' dir='ltr'><strong>licet</strong></span> <span class='ocrx_word' id='word_1_172' title='bbox 399 2434 486 2496; x_wconf 89' lang='lat' dir='ltr'><strong>nohis</strong></span> <span class='ocrx_word' id='word_1_173' title='bbox 508 2454 597 2498; x_wconf 89' lang='lat' dir='ltr'><strong>venas</strong></span> <span class='ocrx_word' id='word_1_174' title='bbox 621 2442 652 2498; x_wconf 90' lang='lat' dir='ltr'><strong>et</strong></span> <span class='ocrx_word' id='word_1_175' title='bbox 674 2454 806 2515; x_wconf 82' lang='lat' dir='ltr'><strong>sanguen</strong></span> <span class='ocrx_word' id='word_1_176' title='bbox 828 2443 859 2497; x_wconf 91' lang='lat' dir='ltr'><strong>et</strong></span> <span class='ocrx_word' id='word_1_177' title='bbox 882 2454 949 2497; x_wconf 91' lang='lat' dir='ltr'><strong>ossa</strong></span> <span class='ocrx_word' id='word_1_178' title='bbox 1106 2449 1150 2491; x_wconf 74' lang='lat'><strong>⁸⁶⁰</strong></span> 
     </span>
    </p>
   </div>
   <div class='ocr_carea' id='block_1_3' title="bbox 136 2611 1152 3660">
    <p class='ocr_par' dir='ltr' id='par_1_3' title="bbox 136 2611 1152 3660">
     <span class='ocr_line' id='line_1_26' title="bbox 136 2611 948 2692; baseline -0.001 -20"><span class='ocrx_word' id='word_1_179' title='bbox 136 2615 271 2673; x_wconf 73' lang='lat' dir='ltr'><strong>sensive</strong></span> <span class='ocrx_word' id='word_1_180' title='bbox 295 2612 378 2673; x_wconf 88' lang='lat' dir='ltr'><strong>cibos</strong></span> <span class='ocrx_word' id='word_1_181' title='bbox 401 2614 497 2673; x_wconf 87' lang='lat' dir='ltr'><strong>ornnis</strong></span> <span class='ocrx_word' id='word_1_182' title='bbox 520 2615 678 2673; x_wconf 89' lang='lat' dir='ltr'><strong>commixto</strong></span> <span class='ocrx_word' id='word_1_183' title='bbox 702 2629 826 2692; x_wconf 89' lang='lat' dir='ltr'><strong>corpore</strong></span> <span class='ocrx_word' id='word_1_184' title='bbox 848 2611 948 2672; x_wconf 88' lang='lat' dir='ltr'><strong>dicent</strong></span> 
     </span>
     <span class='ocr_line' id='line_1_27' title="bbox 210 2698 1011 2779; baseline -0.004 -18"><span class='ocrx_word' id='word_1_185' title='bbox 210 2719 275 2761; x_wconf 91' lang='lat' dir='ltr'><strong>esse</strong></span> <span class='ocrx_word' id='word_1_186' title='bbox 299 2707 330 2760; x_wconf 92' lang='lat' dir='ltr'><strong>et</strong></span> <span class='ocrx_word' id='word_1_187' title='bbox 350 2698 460 2760; x_wconf 90' lang='lat' dir='ltr'><strong>habere</strong></span> <span class='ocrx_word' id='word_1_188' title='bbox 483 2701 515 2759; x_wconf 94' lang='lat' dir='ltr'><strong>in</strong></span> <span class='ocrx_word' id='word_1_189' title='bbox 538 2718 571 2760; x_wconf 88' lang='lat' dir='ltr'><strong>se</strong></span> <span class='ocrx_word' id='word_1_190' title='bbox 593 2718 752 2762; x_wconf 80' lang='lat' dir='ltr'><strong>nervorum</strong></span> <span class='ocrx_word' id='word_1_191' title='bbox 775 2718 900 2779; x_wconf 89' lang='lat' dir='ltr'><strong>corpora</strong></span> <span class='ocrx_word' id='word_1_192' title='bbox 922 2716 1011 2779; x_wconf 85' lang='lat' dir='ltr'><strong>parva</strong></span> 
     </span>
     <span class='ocr_line' id='line_1_28' title="bbox 210 2789 969 2868; baseline 0 -21"><span class='ocrx_word' id='word_1_193' title='bbox 210 2806 334 2867; x_wconf 90' lang='lat' dir='ltr'><strong>ossaque</strong></span> <span class='ocrx_word' id='word_1_194' title='bbox 358 2795 389 2848; x_wconf 91' lang='lat' dir='ltr'><strong>et</strong></span> <span class='ocrx_word' id='word_1_195' title='bbox 411 2790 530 2849; x_wconf 92' lang='lat' dir='ltr'><strong>omnino</strong></span> <span class='ocrx_word' id='word_1_196' title='bbox 553 2805 642 2849; x_wconf 86' lang='lat' dir='ltr'><strong>renas</strong></span> <span class='ocrx_word' id='word_1_197' title='bbox 664 2791 817 2868; x_wconf 89' lang='lat' dir='ltr'><strong>partisque</strong></span> <span class='ocrx_word' id='word_1_198' title='bbox 840 2789 969 2867; x_wconf 89' lang='lat' dir='ltr'><strong>cruoris,</strong></span> 
     </span>
     <span class='ocr_line' id='line_1_29' title="bbox 208 2873 1017 2957; baseline -0.002 -22"><span class='ocrx_word' id='word_1_199' title='bbox 208 2877 260 2936; x_wconf 88' lang='lat' dir='ltr'><strong>fiet</strong></span> <span class='ocrx_word' id='word_1_200' title='bbox 282 2878 327 2936; x_wconf 92' lang='lat' dir='ltr'><strong>uti</strong></span> <span class='ocrx_word' id='word_1_201' title='bbox 349 2875 433 2937; x_wconf 89' lang='lat' dir='ltr'><strong>cibus</strong></span> <span class='ocrx_word' id='word_1_202' title='bbox 457 2878 567 2957; x_wconf 92' lang='lat' dir='ltr'><strong>omnis,</strong></span> <span class='ocrx_word' id='word_1_203' title='bbox 590 2883 621 2937; x_wconf 86' lang='lat' dir='ltr'><strong>et</strong></span> <span class='ocrx_word' id='word_1_204' title='bbox 642 2876 744 2937; x_wconf 91' lang='lat' dir='ltr'><strong>aridus</strong></span> <span class='ocrx_word' id='word_1_205' title='bbox 767 2882 798 2936; x_wconf 91' lang='lat' dir='ltr'><strong>et</strong></span> <span class='ocrx_word' id='word_1_206' title='bbox 819 2873 930 2956; x_wconf 90' lang='lat' dir='ltr'><strong>liquor,</strong></span> <span class='ocrx_word' id='word_1_207' title='bbox 953 2877 1017 2953; x_wconf 89' lang='lat' dir='ltr'><strong>ipse</strong></span> 
     </span>
     <span class='ocr_line' id='line_1_30' title="bbox 136 2962 1150 3045; baseline 0.001 -23"><span class='ocrx_word' id='word_1_208' title='bbox 136 2971 194 3022; x_wconf 82' lang='lat'><strong>865</strong></span> <span class='ocrx_word' id='word_1_209' title='bbox 207 2983 244 3025; x_wconf 89' lang='lat' dir='ltr'><strong>ex</strong></span> <span class='ocrx_word' id='word_1_210' title='bbox 267 2963 439 3042; x_wconf 89' lang='lat' dir='ltr'><strong>alienigenis</strong></span> <span class='ocrx_word' id='word_1_211' title='bbox 462 2962 552 3025; x_wconf 89' lang='lat' dir='ltr'><strong>rebus</strong></span> <span class='ocrx_word' id='word_1_212' title='bbox 576 2971 711 3025; x_wconf 85' lang='lat' dir='ltr'><strong>constare</strong></span> <span class='ocrx_word' id='word_1_213' title='bbox 733 2970 867 3045; x_wconf 90' lang='lat' dir='ltr'><strong>putetur,</strong></span> <span class='ocrx_word' id='word_1_214' title='bbox 1107 2974 1150 3014; x_wconf 68' lang='lat'><strong>⁸⁶⁵</strong></span> 
     </span>
     <span class='ocr_line' id='line_1_31' title="bbox 137 3051 1032 3130; baseline -0.002 -19"><span class='ocrx_word' id='word_1_215' title='bbox 137 3061 190 3111; x_wconf 82' lang='lat'><strong>860</strong></span> <span class='ocrx_word' id='word_1_216' title='bbox 210 3051 327 3114; x_wconf 91' lang='lat' dir='ltr'><strong>ossibus</strong></span> <span class='ocrx_word' id='word_1_217' title='bbox 350 3058 381 3112; x_wconf 86' lang='lat' dir='ltr'><strong>et</strong></span> <span class='ocrx_word' id='word_1_218' title='bbox 402 3054 502 3113; x_wconf 88' lang='lat' dir='ltr'><strong>nervis</strong></span> <span class='ocrx_word' id='word_1_219' title='bbox 528 3052 669 3130; x_wconf 87' lang='lat' dir='ltr'><strong>sanieque</strong></span> <span class='ocrx_word' id='word_1_220' title='bbox 690 3059 720 3112; x_wconf 92' lang='lat' dir='ltr'><strong>et</strong></span> <span class='ocrx_word' id='word_1_221' title='bbox 742 3052 885 3130; x_wconf 86' lang='lat' dir='ltr'><strong>sanguiue</strong></span> <span class='ocrx_word' id='word_1_222' title='bbox 907 3051 1032 3110; x_wconf 86' lang='lat' dir='ltr'><strong>mixtim.</strong></span> 
     </span>
     <span class='ocr_line' id='line_1_32' title="bbox 209 3142 1039 3219; baseline -0.005 -19"><span class='ocrx_word' id='word_1_223' title='bbox 209 3147 363 3219; x_wconf 88' lang='lat' dir='ltr'><strong>praeterea</strong></span> <span class='ocrx_word' id='word_1_224' title='bbox 387 3157 588 3219; x_wconf 88' lang='lat' dir='ltr'><strong>quaecumque</strong></span> <span class='ocrx_word' id='word_1_225' title='bbox 612 3158 629 3200; x_wconf 89' lang='lat' dir='ltr'><strong>e</strong></span> <span class='ocrx_word' id='word_1_226' title='bbox 650 3146 730 3200; x_wconf 90' lang='lat' dir='ltr'><strong>terra</strong></span> <span class='ocrx_word' id='word_1_227' title='bbox 753 3157 877 3219; x_wconf 89' lang='lat' dir='ltr'><strong>corpora</strong></span> <span class='ocrx_word' id='word_1_228' title='bbox 899 3142 1039 3200; x_wconf 91' lang='lat' dir='ltr'><strong>crescunt</strong></span> 
     </span>
     <span class='ocr_line' id='line_1_33' title="bbox 210 3229 975 3307; baseline -0.001 -20"><span class='ocrx_word' id='word_1_229' title='bbox 210 3230 237 3287; x_wconf 93' lang='lat' dir='ltr'><strong>si</strong></span> <span class='ocrx_word' id='word_1_230' title='bbox 259 3234 329 3288; x_wconf 78' lang='lat' dir='ltr'><strong>sumt</strong></span> <span class='ocrx_word' id='word_1_231' title='bbox 351 3229 382 3287; x_wconf 92' lang='lat' dir='ltr'><strong>in</strong></span> <span class='ocrx_word' id='word_1_232' title='bbox 404 3229 507 3307; x_wconf 77' lang='lat' dir='ltr'><strong>terrio,</strong></span> <span class='ocrx_word' id='word_1_233' title='bbox 530 3234 640 3288; x_wconf 89' lang='lat' dir='ltr'><strong>terram</strong></span> <span class='ocrx_word' id='word_1_234' title='bbox 664 3234 799 3289; x_wconf 91' lang='lat' dir='ltr'><strong>constare</strong></span> <span class='ocrx_word' id='word_1_235' title='bbox 822 3233 975 3289; x_wconf 89' lang='lat' dir='ltr'><strong>necessest</strong></span> 
     </span>
     <span class='ocr_line' id='line_1_34' title="bbox 210 3315 873 3396; baseline 0.002 -20"><span class='ocrx_word' id='word_1_236' title='bbox 210 3334 247 3376; x_wconf 90' lang='lat' dir='ltr'><strong>ex</strong></span> <span class='ocrx_word' id='word_1_237' title='bbox 269 3315 456 3396; x_wconf 87' lang='lat' dir='ltr'><strong>alienigenis,</strong></span> <span class='ocrx_word' id='word_1_238' title='bbox 479 3333 554 3394; x_wconf 91' lang='lat' dir='ltr'><strong>quae</strong></span> <span class='ocrx_word' id='word_1_239' title='bbox 576 3318 666 3376; x_wconf 88' lang='lat' dir='ltr'><strong>terris</strong></span> <span class='ocrx_word' id='word_1_240' title='bbox 689 3317 873 3377; x_wconf 91' lang='lat' dir='ltr'><strong>exoriuntur.</strong></span> 
     </span>
     <span class='ocr_line' id='line_1_35' title="bbox 138 3394 1150 3486; baseline -0.002 -23"><span class='ocrx_word' id='word_1_241' title='bbox 138 3412 195 3463; x_wconf 78' lang='lat'><strong>873</strong></span> <span class='ocrx_word' id='word_1_242' title='bbox 208 3396 380 3486; x_wconf 67' lang='lat' dir='ltr'><strong>llpraeterea</strong></span> <span class='ocrx_word' id='word_1_243' title='bbox 393 3403 482 3464; x_wconf 91' lang='lat' dir='ltr'><strong>tellus</strong></span> <span class='ocrx_word' id='word_1_244' title='bbox 495 3420 571 3482; x_wconf 86' lang='lat' dir='ltr'><strong>quae</strong></span> <span class='ocrx_word' id='word_1_245' title='bbox 585 3421 709 3482; x_wconf 89' lang='lat' dir='ltr'><strong>corpora</strong></span> <span class='ocrx_word' id='word_1_246' title='bbox 723 3421 840 3482; x_wconf 90' lang='lat' dir='ltr'><strong>cunque</strong></span> <span class='ocrx_word' id='word_1_247' title='bbox 854 3401 915 3483; x_wconf 90' lang='lat' dir='ltr'><strong>alit,</strong></span> <span class='ocrx_word' id='word_1_248' title='bbox 933 3408 1021 3480; x_wconf 89' lang='lat' dir='ltr'><strong>auget</strong></span> <span class='ocrx_word' id='word_1_249' title='bbox 1033 3433 1076 3444; x_wconf 92' lang='lat'><em>-</em></span> <span class='ocrx_word' id='word_1_250' title='bbox 1086 3394 1096 3484; x_wconf 69' lang='lat' dir='ltr'><strong>ll</strong></span> <span class='ocrx_word' id='word_1_251' title='bbox 1109 3414 1150 3455; x_wconf 71' lang='lat' dir='ltr'><strong>otu</strong></span> 
     </span>
     <span class='ocr_line' id='line_1_36' title="bbox 138 3489 1152 3573; baseline 0 -24"><span class='ocrx_word' id='word_1_252' title='bbox 138 3499 191 3550; x_wconf 80' lang='lat'><strong>865</strong></span> <span class='ocrx_word' id='word_1_253' title='bbox 209 3492 339 3552; x_wconf 77' lang='lat' dir='ltr'><strong>transfer</strong></span> <span class='ocrx_word' id='word_1_254' title='bbox 362 3493 447 3573; x_wconf 91' lang='lat' dir='ltr'><strong>item,</strong></span> <span class='ocrx_word' id='word_1_255' title='bbox 469 3490 594 3551; x_wconf 91' lang='lat' dir='ltr'><strong>totidem</strong></span> <span class='ocrx_word' id='word_1_256' title='bbox 616 3489 716 3551; x_wconf 80' lang='lat' dir='ltr'><strong>verbis</strong></span> <span class='ocrx_word' id='word_1_257' title='bbox 738 3497 823 3551; x_wconf 89' lang='lat' dir='ltr'><strong>utare</strong></span> <span class='ocrx_word' id='word_1_258' title='bbox 845 3489 960 3551; x_wconf 88' lang='lat' dir='ltr'><strong>licebit:</strong></span> <span class='ocrx_word' id='word_1_259' title='bbox 1110 3503 1152 3544; x_wconf 77' lang='lat' dir='ltr'><strong>oro</strong></span> 
     </span>
     <span class='ocr_line' id='line_1_37' title="bbox 138 3576 989 3660; baseline 0 -22"><span class='ocrx_word' id='word_1_260' title='bbox 138 3588 192 3638; x_wconf 83' lang='lat'><strong>871</strong></span> <span class='ocrx_word' id='word_1_261' title='bbox 209 3582 241 3640; x_wconf 92' lang='lat' dir='ltr'><strong>in</strong></span> <span class='ocrx_word' id='word_1_262' title='bbox 263 3578 353 3658; x_wconf 90' lang='lat' dir='ltr'><strong>lignis</strong></span> <span class='ocrx_word' id='word_1_263' title='bbox 376 3580 403 3639; x_wconf 89' lang='lat' dir='ltr'><strong>si</strong></span> <span class='ocrx_word' id='word_1_264' title='bbox 425 3579 542 3639; x_wconf 87' lang='lat' dir='ltr'><strong>flamma</strong></span> <span class='ocrx_word' id='word_1_265' title='bbox 566 3576 639 3638; x_wconf 90' lang='lat' dir='ltr'><strong>latet</strong></span> <span class='ocrx_word' id='word_1_266' title='bbox 660 3579 819 3657; x_wconf 87' lang='lat' dir='ltr'><strong>fumusque</strong></span> <span class='ocrx_word' id='word_1_267' title='bbox 842 3579 989 3660; x_wconf 87' lang='lat' dir='ltr'><strong>cinisque,</strong></span> 
     </span>
    </p>
   </div>
   <div class='ocr_carea' id='block_1_4' title="bbox 0 0 1232 3998">
    <p class='ocr_par' dir='ltr' id='par_1_4' title="bbox 0 0 1232 3998">
     <span class='ocr_line' id='line_1_38' title="bbox 0 0 1232 3998; baseline 0 0"><span class='ocrx_word' id='word_1_268' title='bbox 0 0 1232 3998; x_wconf 95' lang='lat' dir='ltr'><strong> </strong></span> 
     </span>
    </p>
   </div>
  </div>
 </body>
</html>
