2438 3998
602 202 655 278 ur

172 374 274 428 noctes
297 377 384 446 atque
409 369 473 428 dies
497 371 553 428 niti
574 376 743 448 praestante
765 369 865 430 labore

172 455 208 515 ad
232 474 363 516 summas
386 474 538 534 emergere
562 474 648 536 opes,
669 456 741 517 haee
764 456 885 518 vulnera
906 460 983 518 vitae

171 561 231 603 non
253 546 405 603 minimam
429 552 543 622 partem
566 546 671 604 mortis
694 544 850 605 tormidine
874 545 1000 607 aluntur.

118 646 153 694 65
171 634 268 710 turpis
291 635 371 691 enim
394 631 487 691 terme
510 638 696 709 contemptus
719 639 750 692 et
771 635 848 700 acris
871 639 987 711 egestas

172 725 284 779 semota
308 719 344 779 ab
367 718 447 778 dulci
469 720 528 778 vita
552 718 707 796 stabilique
730 720 868 780 videntur

171 813 202 866 et
224 809 310 885 quasi
331 808 390 866 iam
413 806 465 866 leti
487 813 588 884 portas
611 809 777 866 cunctarier
800 814 880 867 ante:

172 895 250 954 unde
272 894 408 954 homines
430 894 501 953 dum
524 911 556 953 se
579 892 652 953 falso
674 900 789 955 terrere
812 897 906 955 coacti

172 983 310 1060 effugisse
332 981 435 1041 volunt
456 979 555 1061 longe,
578 978 722 1059 longeque
745 999 889 1062 remeasse,

119 1071 314 1146 insanguine
337 1068 417 1129 cirili
439 1087 504 1129 rem
527 1068 655 1129 ccnllant
676 1068 851 1147 divitiasque

173 1156 380 1235 conduplicant
403 1156 492 1236 avidi,
514 1156 635 1216 caedem
657 1156 746 1217 caede
768 1156 999 1238 accumulantes

173 1244 308 1305 crudeles
331 1243 460 1323 gaudent
481 1246 513 1302 in
535 1245 615 1304 tristi
637 1244 741 1305 funere
764 1245 877 1326 fratris,

172 1339 202 1392 et
224 1333 475 1409 consanguineum
496 1348 613 1392 mensas
637 1331 726 1392 edere
748 1335 920 1411 timentque.

173 1437 207 1479 ce
229 1418 319 1479 simili
342 1421 454 1479 ratione
478 1417 514 1479 ab
537 1419 641 1479 eodem
664 1438 752 1498 saepe
775 1422 881 1481 timore

58 1513 75 1575 s
120 1522 152 1571 75
172 1513 300 1566 macerat
322 1507 433 1566 invidia
456 1513 523 1566 ante
546 1506 647 1567 ocules
669 1506 753 1567 illum
776 1526 841 1567 esse
863 1513 1027 1588 potentem,

57 1602 59 1606 ’
171 1592 255 1655 illum
278 1596 436 1674 aspectari,
459 1593 537 1654 clarc
562 1597 613 1671 qui
635 1595 746 1654 incedit
767 1594 892 1674 henore3

171 1684 229 1760 ipsi
253 1699 285 1741 se
308 1684 340 1741 in
362 1680 494 1741 tenebris
516 1681 592 1741 volvi
615 1699 764 1759 caenoque
790 1688 961 1760 queruntur.

170 1773 320 1829 intereunt
342 1771 451 1847 partim
474 1776 636 1829 statuarum
659 1776 689 1828 et
710 1771 839 1828 nominis
861 1787 940 1846 ergo.

170 1864 200 1916 et
223 1874 310 1935 saepe
333 1874 428 1934 usque
451 1857 536 1936 adeo,
559 1858 663 1916 mortis
687 1855 856 1936 formidine,
879 1859 954 1916 vitae

116 1961 151 2009 80
170 1947 297 2022 percipit
318 1943 462 2004 humanos
486 1943 586 2003 odium
609 1943 742 2021 lucisque
764 1943 920 2024 videndae,

65 2018 213 2144 U
226 2032 283 2091 sibi
307 2033 491 2091 consciscant
513 2033 657 2091 maerenti
678 2038 798 2110 pectore
821 2030 931 2113 letum,

170 2117 254 2178 obliti
277 2119 387 2178 lentem
410 2136 548 2179 curarum
570 2117 649 2179 hune
672 2137 737 2179 esse
760 2121 910 2200 timorem,

169 2205 247 2267 hunc
271 2224 376 2266 vexare
399 2204 557 2286 pudorem,
579 2206 658 2267 hune
680 2206 796 2267 vincula
819 2209 958 2267 amicitiai

170 2311 307 2372 rumpere
331 2299 360 2354 et
383 2294 415 2352 in
439 2310 552 2353 summa
574 2295 714 2372 pietatem
737 2301 869 2354 evertere
888 2291 911 2373 †
930 2294 1045 2354 suadet:

116 2395 150 2446 85
169 2399 237 2440 nam
260 2383 318 2440 iam
342 2399 428 2459 saepe
451 2380 586 2440 homines
608 2383 732 2460 patriam
755 2400 898 2459 carosque
920 2385 1052 2461 parentis

168 2468 363 2547 prodiderunt
384 2471 478 2528 vitare
500 2468 661 2528 Acherusia
683 2468 792 2548 templa
813 2476 956 2548 petentes.

168 2575 236 2616 nam
259 2555 350 2616 veluti
371 2557 458 2635 pueri
480 2555 630 2634 trepidant
652 2562 739 2633 atque
762 2559 861 2616 omnia
883 2559 979 2617 caecis

169 2647 200 2703 in
223 2643 354 2704 tenebris
377 2650 525 2723 metuunt,
548 2645 591 2703 sie
614 2661 668 2703 nos
691 2645 722 2703 in
746 2643 811 2703 luce
833 2646 972 2704 timemus

169 2731 331 2810 interdum,
354 2729 413 2790 nilc
437 2749 512 2808 quae
535 2737 605 2791 sunt
627 2731 783 2791 metuenda
805 2733 898 2809 magis
922 2748 1010 2809 quam

115 2834 149 2883 90
169 2838 242 2896 quae
265 2820 352 2896 pueri
374 2820 406 2878 in
428 2818 560 2879 tenebris
583 2821 715 2896 pavitant
736 2819 909 2897 linguntque
933 2820 1038 2879 lutura.

167 2905 246 2965 hunc
270 2908 360 2982 igitur
382 2912 526 2966 terrerem
551 2908 643 2966 animi
667 2905 862 2985 tenebrasque
885 2914 1037 2966 necessest

169 3011 227 3052 non
250 2993 326 3052 radii
349 2992 420 3052 solis
443 3011 538 3071 neque
562 2993 659 3054 lucida
680 2993 739 3054 tela
762 2993 821 3054 diei

168 3079 339 3161 discutiant,
364 3080 416 3140 sed
439 3087 561 3141 naturae
585 3083 699 3160 species
722 3083 865 3160 ratioque.

210 3166 342 3227 Primum
365 3170 496 3228 animum
515 3169 590 3250 dieo,
612 3176 741 3229 mentem
760 3187 953 3248 quamsaepe
973 3187 1119 3249 vocamus,

113 3270 147 3319 95
168 3256 198 3313 in
222 3271 280 3332 quo
304 3255 460 3315 consilium
483 3258 559 3316 ritae
582 3259 773 3335 regimenque
796 3256 965 3337 locatumst,

167 3360 232 3401 esse
255 3342 383 3402 hominis
405 3350 519 3420 partem
541 3343 723 3404 nilominus
746 3362 780 3404 ac
802 3362 906 3404 manus
929 3351 960 3404 et
981 3363 1035 3423 pes

166 3436 253 3508 atque
277 3428 355 3489 oculi
376 3437 477 3508 partes
500 3433 656 3491 animantis
679 3433 771 3491 tetius
794 3439 901 3492 extant
