2438 3998
145 226 187 290 80
628 220 669 276 ΠΙ

216 372 429 450 quiquoniam
451 374 640 448 nusquamst,
669 369 824 446 nimirum,
849 373 883 427 ut
910 366 1039 426 diximus
1068 367 1152 447 5555,

216 457 354 519 dilaniata
377 457 455 518 foras
478 456 672 536 dispargitur,
696 457 798 515 interit
821 472 899 532 ergo.

217 547 289 624 quin
312 547 402 606 etiam
426 546 453 604 si
475 545 533 604 iam
556 542 646 603 libeat
669 541 831 603 concedere
854 539 960 601 laisum
1112 553 1153 595 555

217 639 247 693 55
269 631 352 714 dare,
374 650 463 712 posse
486 633 613 692 animam
637 629 794 707 glomerari
816 631 847 689 in
870 647 994 707 corpore
1017 646 1134 710 eorum,

147 737 199 786 545
217 719 327 781 lumina
351 722 403 798 qui
426 719 541 780 lincunt
562 716 733 778 moribundi
755 716 965 797 particulatim,

216 807 370 867 mortalem
392 815 491 867 tamen
514 824 580 867 esse
603 807 730 866 animam
752 805 862 865 fateare
885 821 1022 885 necesse,

217 912 273 956 nec
295 896 387 955 relert
409 901 509 955 utrum
531 900 634 972 pereat
655 891 790 971 dispersa
811 910 867 969 per
889 910 974 952 auras

218 1001 255 1043 an
278 989 427 1043 contracta
451 984 514 1042 suis
537 998 553 1041 e
576 979 709 1060 partibus
733 978 934 1059 obbrutescat,
1112 992 1152 1032 555

219 1069 336 1149 qnando
353 1071 503 1129 bominem
522 1075 616 1129 totum
634 1069 727 1145 magis
743 1085 777 1128 ac
790 1069 884 1144 magis
898 1066 1029 1144 undique
1044 1084 1151 1127 sensus

148 1173 199 1224 545
217 1157 318 1218 deficit
339 1164 370 1217 et
391 1159 467 1218 vitae
490 1158 589 1216 minus
612 1162 642 1216 et
663 1157 762 1215 minus
784 1155 915 1234 undique
937 1161 1059 1220 restat..

262 1243 301 1304 Et
323 1247 462 1323 quoniam
483 1261 568 1304 mens
592 1251 638 1303 est
658 1243 787 1302 hominis
810 1260 879 1321 pars
902 1260 970 1322 una,
992 1241 1056 1301 loco
1075 1259 1151 1319 quae

218 1332 275 1392 fixa
297 1338 397 1392 manet
419 1337 514 1411 certo,
536 1329 617 1390 velut
639 1348 726 1390 aures
748 1336 836 1408 atque
859 1329 937 1390 oculi
961 1336 1030 1390 sunt

218 1426 306 1497 atque
334 1417 384 1478 alii
411 1437 516 1479 sensus
540 1420 590 1497 qui
612 1420 702 1478 vitam
725 1435 851 1496 cumque
873 1416 1037 1496 gubernant
1056 1449 1097 1458 -
1112 1429 1153 1471 555

220 1512 251 1567 55
272 1505 364 1566 veluti
386 1524 490 1566 manus
513 1513 600 1584 atque
624 1504 727 1565 oculus
750 1522 873 1566 naresve
896 1522 1029 1565 seorsum

150 1610 201 1659 555
219 1601 333 1654 5555555
356 1592 391 1654 ab
414 1593 500 1653 nobis
523 1600 675 1672 nequeunt
697 1595 806 1653 sentire
829 1611 925 1670 neque
949 1611 1028 1673 esse,

219 1681 272 1742 sed
294 1688 392 1742 tamen
415 1683 446 1741 in
469 1700 559 1761 parvo
583 1681 734 1741 lincuntur
756 1689 889 1759 tempore
912 1681 986 1760 tabi,

220 1770 264 1829 sic
286 1771 403 1830 animus
425 1787 479 1848 per
502 1788 534 1829 se
557 1786 616 1828 non
640 1771 704 1847 quit
727 1771 791 1828 sine
814 1786 937 1846 corpore
960 1775 991 1828 55
1014 1770 1078 1847 ipso

220 1874 286 1916 esse
308 1857 442 1936 bomine,
464 1855 543 1917 illius
567 1858 653 1935 quasi
674 1855 753 1934 quod
775 1873 825 1915 vas
848 1873 914 1915 esse
937 1855 1065 1935 videtur,
1112 1869 1154 1910 555

221 1946 282 2004 sire
306 1944 384 2004 aliud
408 1944 479 2022 quid
502 1947 546 2004 vis
569 1946 668 2023 potius
691 1945 877 2003 coniunctius
900 1945 928 2003 ei

150 2047 201 2096 555
220 2032 345 2108 lingere:
369 2032 606 2110 quandoquidem
629 2049 743 2092 conexu
765 2048 874 2109 corpus
897 2031 1044 2091 adhaeret.

264 2117 396 2196 Denique
420 2120 554 2196 corporis
577 2126 664 2197 atque
687 2120 778 2178 animi
799 2120 893 2178 vivata
916 2124 1046 2196 potestas

219 2207 298 2266 inter
321 2223 353 2266 se
377 2207 532 2266 coniuncta
555 2205 652 2266 valent
673 2208 790 2285 vitaque
814 2206 965 2266 fruuntur:

220 2310 275 2354 nec
298 2295 363 2353 sine
386 2310 511 2373 corpore
533 2295 612 2353 enim
634 2293 730 2354 vitalis
753 2293 842 2354 edere
864 2300 962 2353 motus
1114 2305 1154 2347 555

221 2379 283 2440 5515
304 2387 403 2460 555555
425 2383 516 2440 animi
538 2399 592 2460 per
615 2399 647 2441 se
670 2388 774 2442 natura
797 2397 853 2440 nec
875 2387 974 2440 autem

151 2483 202 2533 560
221 2486 338 2528 cassum
361 2470 458 2528 anima
481 2486 588 2547 corpus
611 2468 719 2529 durare
741 2475 772 2528 et
794 2466 930 2528 sensibus
953 2470 1006 2527 uti.

221 2554 348 2637 scilicet,
370 2554 486 2616 avolsus
509 2555 659 2616 radicibus
681 2563 715 2616 ut
737 2557 840 2633 nequit
861 2554 951 2615 ullam

220 2642 369 2722 dispicere
391 2646 455 2722 ipse
479 2643 581 2704 oculus
603 2661 668 2704 rem
691 2660 826 2704 seorsum
849 2660 972 2722 corpore
994 2649 1070 2722 toto,

221 2732 265 2790 sic
286 2733 384 2791 anima
407 2738 494 2811 atque
517 2733 632 2791 animus
655 2750 709 2810 per
732 2749 764 2790 se
787 2729 830 2790 nil
851 2749 940 2809 posse
965 2730 1087 2790 videtur.
1114 2743 1154 2784 555

220 2819 374 2900 nimirum,
398 2821 466 2898 quia
482 2836 542 2898 per
563 2836 653 2879 venas
678 2825 708 2879 et
730 2820 844 2878 viscera
866 2820 996 2898 mixtim,

150 2921 201 2970 555
219 2923 274 2985 555
296 2924 403 2966 nervos
426 2914 513 2986 atque
538 2925 617 2988 ossa,
639 2913 779 2967 tenentur
801 2923 925 2984 corpore
948 2904 985 2966 ab
1008 2907 1089 2965 omni

220 3011 276 3054 nec
298 2996 412 3072 magnis
434 2992 596 3054 intervallis
618 2993 779 3073 primordia
802 2999 928 3072 possunt

220 3080 312 3140 libera
336 3079 506 3162 dissultare,
529 3081 596 3142 ideo
620 3080 757 3142 conclusa
779 3088 934 3141 moventur

220 3169 382 3228 sensiferos
405 3176 516 3248 motus,
540 3187 614 3248 quos
637 3176 720 3230 extra
742 3187 850 3248 corpus
873 3170 1014 3228 inauras
1116 3180 1156 3221 aro

220 3255 298 3314 aeris
320 3254 391 3314 baut
413 3263 538 3333 possunt
561 3263 775 3335 postmortem
799 3258 892 3316 eiecta
915 3256 1028 3315 moveri

149 3358 201 3408 oto
219 3347 359 3421 proptera
381 3344 450 3419 qnia
473 3360 532 3402 non
557 3343 647 3403 simili
670 3347 784 3405 ratione
806 3350 959 3404 tenentur:

220 3446 328 3509 corpus
351 3430 432 3488 enim
455 3437 542 3509 atque
566 3433 700 3492 animans
723 3435 781 3492 erit
803 3436 867 3512 555,
890 3433 917 3490 si
940 3428 1079 3490 cohibere

219 3519 251 3577 in
273 3534 306 3577 55
328 3519 456 3577 animam
478 3527 566 3598 atque
589 3522 621 3579 in
644 3537 695 3580 eos
718 3521 828 3598 poterit
850 3517 1027 3578 concludere
1050 3524 1157 3598 motus,
