2438 3998
556 204 583 258 11

135 351 349 431 secundamque
372 354 472 413 miuus
494 359 630 412 naturam
653 353 751 412 cernis
773 353 806 412 in
828 351 901 433 illis,

134 445 164 499 at
185 442 307 518 regione
330 439 454 518 locoque
478 439 535 500 alio
559 441 707 519 terrisque
729 442 851 500 remotis
919 469 921 473 ’

62 533 115 584 535
133 526 225 588 multa
248 528 319 589 licet
341 547 449 607 genere
472 546 539 589 esse
562 529 595 588 in
618 544 653 587 5ο
675 545 890 607 numerumque
913 527 1037 609 repleri3

134 618 211 677 sicut
234 617 449 696 quadripedum
472 635 540 678 cum
563 617 668 695 primis
691 634 757 677 esse
779 617 913 678 videmus

133 707 165 764 in
188 723 297 783 genere
321 707 515 783 anguimanus
538 703 723 785 elephantos,
745 704 827 766 ludia
851 724 977 785 quorum

132 792 253 854 milibus
276 811 292 853 e
315 792 417 852 multis
440 792 515 852 vallo
537 794 671 853 munitur
693 791 820 873 eburno,

134 888 167 942 ut
190 884 309 961 penitus
331 887 460 960 nequeat
482 882 645 960 penetrari:
667 887 749 941 tanta
772 882 902 942 ferarum

62 976 115 1026 540
134 972 177 1030 vis
202 977 260 1050 est3
284 988 409 1048 quarum
430 987 486 1029 nos
508 987 656 1048 perpauca
678 969 811 1049 exempla
834 969 976 1031 videmus.

134 1057 186 1119 sed
209 1065 308 1119 tamen
331 1057 361 1118 id
385 1075 502 1136 quoque
525 1060 571 1118 uti
593 1057 765 1138 concedam,
791 1076 879 1137 quam
901 1057 983 1119 lubet
1005 1065 1070 1119 esto

132 1149 220 1207 unica
242 1164 291 1207 555
315 1146 458 1225 quaedam
481 1147 579 1206 nativo
603 1163 725 1225 corpore
749 1146 824 1226 sola,

134 1237 183 1294 cui
206 1233 311 1294 similis
333 1241 395 1294 toto
418 1241 566 1295 terrarum
588 1230 677 1295 nullo
699 1236 738 1294 sit
761 1234 839 1295 orbi:

133 1323 248 1383 infinita
270 1330 368 1383 tamen
392 1325 451 1383 nisi
474 1325 531 1382 erit
553 1324 597 1382 ris
620 1324 766 1402 materiai,

61 1416 115 1466 545
133 1410 211 1472 unde
235 1428 270 1471 ca
292 1413 429 1490 progigni
451 1412 548 1490 possit
570 1417 723 1490 concepta,
746 1413 842 1471 creari

133 1518 193 1559 non
215 1501 334 1578 poterit,
357 1517 462 1580 neque,
485 1497 563 1577 quod
583 1505 728 1578 superest,
750 1516 942 1578 procrescere
962 1498 1068 1579 alique.

134 1589 243 1665 quippe
267 1589 377 1647 etenim
401 1594 553 1648 sumantur
575 1589 620 1646 uti
642 1587 724 1646 finita
746 1605 800 1666 per
823 1605 909 1647 omne

134 1693 257 1753 corpora
281 1677 385 1736 iactari
408 1678 495 1736 unius
518 1674 656 1754 genitalia
678 1677 738 1755 rei,

133 1763 211 1823 unde
235 1762 287 1823 ubi
309 1781 367 1842 qua
389 1765 419 1824 vi
441 1770 472 1824 et
493 1781 552 1843 quo
574 1769 659 1842 pacto
683 1779 841 1840 congressa
864 1763 985 1823 coibunt

62 1857 115 1906 550
133 1853 274 1910 materiae
296 1857 378 1910 tanto
401 1854 432 1911 in
454 1850 557 1931 pelago
579 1850 725 1929 turbaque
748 1846 864 1911 aliena?

134 1957 206 2018 non,
229 1946 263 1999 ut
285 1941 403 2020 opinor,
425 1939 534 2000 hahent
554 1942 701 2000 rationem
723 1938 911 1999 conciliandi:

135 2028 186 2089 sed
211 2029 297 2106 quasi
317 2027 478 2105 naufragiis
500 2030 617 2107 magnis
636 2026 797 2105 multisque
820 2029 929 2088 coortis

135 2117 291 2177 disiectare
316 2114 391 2176 solet
412 2133 550 2193 magnum
571 2134 653 2176 mare
675 2122 804 2176 transtra
827 2114 958 2194 guberna
1063 2162 1065 2166 a

73 2236 76 2241 ·
134 2212 287 2265 antemnas
310 2221 428 2282 proram
449 2202 542 2264 malos
564 2211 722 2283 tonsasque
746 2206 887 2284 natantis,

61 2299 116 2349 555
134 2311 188 2372 per
211 2300 358 2353 terrarum
381 2293 477 2351 omnis
500 2310 567 2352 oras
589 2293 734 2353 fluitantia
757 2291 887 2372 aplustra

134 2388 168 2441 ut
190 2381 344 2441 videantur
367 2387 398 2441 et
419 2378 562 2440 indicium
584 2381 758 2442 mortalibus
781 2380 880 2462 edant,

134 2469 219 2529 infidi
240 2471 331 2529 maris
354 2468 477 2529 insidias
499 2470 630 2546 virisque
653 2467 810 2548 dolumque

135 2564 168 2618 ut
190 2559 282 2617 vitare
306 2556 411 2638 velint,
433 2575 506 2618 neve
529 2556 589 2618 ullo
612 2563 745 2636 tempore
769 2557 902 2638 credant,

135 2645 257 2706 subdola
280 2663 347 2706 cum
370 2644 448 2706 ridet
470 2645 578 2725 placidi
599 2644 722 2725 pellacia
743 2648 839 2724 ponti,

62 2740 115 2789 560
135 2736 179 2794 sic
201 2732 257 2793 tibi
280 2735 306 2794 si
329 2734 411 2793 finita
434 2733 527 2794 semel
548 2734 709 2813 primordia
732 2733 875 2811 quaedam

135 2824 311 2902 constitues,
334 2840 436 2882 aevom
459 2821 607 2883 debebunt
630 2840 732 2901 sparsa
753 2838 808 2900 per
830 2839 948 2882 omnem

135 2910 291 2971 disiectare
315 2918 414 2971 aestus
437 2909 548 2971 diversi
570 2911 717 2990 materiai,

135 3017 295 3077 numquam
318 3001 349 3058 in
373 2998 531 3060 concilium
553 3004 587 3058 ut
609 2999 725 3076 possint
747 2996 898 3076 compulsa
921 2999 1000 3058 coire
1062 3025 1064 3039 ·

134 3105 190 3147 nec
213 3089 356 3147 remorari
378 3090 410 3148 in
432 3086 557 3147 concilio
581 3104 636 3146 nec
659 3103 794 3146 crescere
817 3085 952 3167 adaucta3

61 3180 115 3230 565
136 3193 262 3253 quorum
284 3183 442 3254 utrumque
465 3173 561 3254 palam
584 3175 651 3235 fieri
672 3173 827 3234 manifesta
850 3172 937 3234 docet
958 3192 1021 3255 res,

135 3270 165 3323 et
187 3281 236 3323 res
259 3266 394 3342 progigni
417 3269 447 3323 et
468 3265 582 3341 genitas
604 3280 795 3342 procrescere
817 3281 915 3342 posse.

135 3369 201 3411 esse
224 3353 315 3430 igitur
336 3369 444 3430 genere
467 3353 499 3412 in
521 3353 626 3431 quovis
649 3351 811 3430 primordia
833 3369 933 3412 rerum

134 3441 250 3500 infinita
271 3439 409 3520 palamst,
431 3440 509 3501 unde
533 3442 632 3500 omnia
655 3440 887 3519 suppeditantur.

179 3527 241 3589 Nec
264 3546 404 3608 superare
429 3537 540 3607 queunt
562 3535 660 3590 motus
683 3531 782 3607 itaque
806 3527 940 3588 exitiales
