2438 3998
424 200 707 258 Pnounoomnnn.
1006 201 1071 257 XXI

57 347 190 407 carmine
221 347 394 426 imperfecto
430 365 448 407 a
480 347 592 428 Vergili
618 357 668 410 aut
689 348 792 411 Horati
818 349 962 428 elegantia
986 367 1069 410 rece·

57 433 190 508 dunt-
204 436 237 495 in
254 436 429 514 imperfecto
448 436 528 517 dico,
553 455 611 516 quo
633 436 706 498 illud
725 439 814 498 etiam
831 440 972 518 pertinet,
991 437 1069 515 quod

57 538 93 582 ex
117 524 250 601 quinque
271 525 351 584 veris
374 523 558 585 soloecismis
582 532 720 603 quattuor
743 532 813 586 sunt
832 527 863 586 iu
881 525 957 585 libro
978 532 1069 586 sexto.

146 609 209 670 Alia
220 608 340 672 Lucreti
355 612 540 691 neglegentia
554 631 614 674 non
629 616 729 675 minus
743 613 779 674 ab
790 616 893 675 aetatis
903 614 1069 692 Augusteae

55 703 213 776 poetarum
247 698 392 779 elegantia
423 700 519 762 aliena
552 703 684 762 cernitur
716 704 748 761 in
779 701 961 763 anacoluthis
994 719 1068 780 quae

56 785 169 846 dieunt.
210 804 307 866 neque
330 791 479 849 tamenin
498 789 554 850 hoc
573 807 682 868 genere
702 791 799 850 omnia
818 790 942 851 eandem
960 788 1069 850 hahent

56 872 293 952 explicationem.
333 883 402 937 ante
426 879 523 937 omnia
547 883 577 938 ct
600 878 730 938 editores
752 881 893 938 carminis
912 877 949 938 de
967 895 1069 938 rerum

55 968 163 1022 natura
195 970 226 1023 et
256 965 436 1042 interpretes
468 967 639 1044 perspicere
667 964 813 1026 debebant
839 965 1010 1026 Lucretium
1037 968 1069 1025 in

56 1051 221 1111 enuntiatis
253 1052 460 1113 continuandis
490 1052 583 1113 multo
615 1055 738 1133 propius
765 1052 801 1113 ad
829 1052 1009 1113 Graecorum
1036 1055 1069 1113 in

57 1155 92 1198 ea
115 1156 149 1198 re
172 1137 341 1200 libertatem
362 1140 513 1220 accedere,
537 1159 625 1219 quam
646 1159 824 1220 quemquam
842 1141 933 1201 alium
950 1147 1068 1220 poetam

55 1224 232 1287 Romanum.
259 1234 361 1288 extant
378 1235 476 1290 autem
495 1246 554 1289 non
572 1247 666 1308 pauca
685 1229 762 1307 apud
776 1229 949 1290 Lucretium
963 1246 1067 1289 anaco-

56 1313 153 1395 lutha,
186 1333 313 1392 quorum
345 1315 401 1376 alia
433 1316 543 1377 frustra
574 1324 762 1378 tentaverunt
789 1318 919 1379 editores
947 1316 1003 1377 alia
1030 1335 1068 1377 ne

57 1401 331 1464 animadverterunt
359 1403 487 1482 quidem.
534 1410 604 1464 sunt
630 1412 742 1487 autem,
769 1407 829 1466 nisi
855 1405 953 1486 fallor,
981 1405 1067 1465 haec:

56 1485 288 1572 11342—346,
312 1488 375 1553 347
399 1510 442 1570 sq.
459 1493 623 1571 praetenta
642 1509 739 1572 penos
760 1488 932 1555 dmnonnrn
954 1495 1068 1554 metoe-

56 1595 115 1657 que
136 1580 280 1641 nonnus
298 1625 305 1639 .
321 1626 327 1644 .
343 1626 349 1640 .
363 1577 582 1659 pervolitantes
600 1613 643 1624 -
662 1597 840 1659 quonaone
861 1598 960 1641 onnon
979 1579 1068 1659 qnid·

55 1663 104 1728 ans
122 1674 188 1748 etc,
206 1669 291 1728 cuius
312 1667 480 1728 anacoluthi
499 1667 681 1728 simillimum
695 1667 732 1728 lV
747 1664 812 1729 150
826 1687 889 1746 sqq.
909 1685 1067 1728 occurrere

56 1754 152 1814 videri
183 1756 349 1816 rectissime
380 1756 452 1817 dicit
479 1754 650 1838 Goebelius,
682 1762 794 1834 quaest.
821 1754 938 1815 Lueret.
966 1774 994 1834 p.
1015 1751 1065 1816 10.

55 1849 184 1921 utroque
207 1842 272 1903 loeo
295 1845 393 1922 possis
416 1844 516 1904 dicere
538 1844 569 1904 id
593 1852 702 1925 extare,
725 1843 803 1923 quod
823 1841 951 1903 Graecae
971 1860 1067 1921 gram-

55 1931 182 1991 maticae
200 1930 336 1992 doctores
355 1935 568 1993 nominativum
586 1931 751 1992 ahsolutum
770 1949 875 1992 vocare
894 1930 990 1991 solent
1008 1949 1068 1990 nou

56 2024 148 2078 recte.
172 2025 219 2079 est
240 2026 339 2079 autem
356 2018 462 2081 horum
480 2019 613 2081 locorum
636 2019 709 2080 illud
728 2038 892 2100 commune,
915 2019 994 2099 quod
1012 2034 1067 2098 pro

56 2108 209 2167 enuntiato
242 2106 471 2169 demonstrativo
501 2107 647 2168 subicitur
673 2107 841 2169 relativum:
878 2108 956 2186 quod
988 2108 1067 2168 idem

56 2194 158 2254 dicere
171 2197 269 2272 possis
283 2195 391 2256 lactum
406 2213 472 2257 esse
485 2195 526 2256 lll
542 2193 627 2258 1009
642 2230 686 2239 —-
699 2198 729 2258 ct
740 2193 817 2258 lucas
830 2198 944 2275 mestos
958 2215 975 2253 e
991 2193 1069 2256 Tor-

55 2284 211 2344 tcms...
234 2284 336 2344 costos
354 2316 397 2327 -
417 2285 602 2363 quinoque
623 2287 769 2345 sunt...
793 2287 878 2345 cuius
899 2283 956 2343 loci
975 2284 1068 2342 simil-

55 2370 157 2431 limam
170 2369 260 2432 hahet
277 2373 422 2432 rationem
437 2375 489 2451 qui
501 2375 636 2451 proxime
651 2367 1067 2451 sequitur1012-1016sq.

54 2456 111 2521 scd
130 2459 229 2520 aneon
250 2455 286 2519 in
307 2456 374 2520 nn'to
385 2477 559 2539 poenonnrn
582 2508 588 2521 .
608 2509 613 2520 .
634 2507 640 2520 .
664 2462 708 2523 est
725 2507 753 2521 ..
774 2507 781 2520 .
803 2457 953 2538 insignem
980 2453 1068 2521 scele-

54 2543 162 2625 risque
183 2541 277 2607 lnello
298 2550 528 2610 cerneret...
551 2546 731 2610 nans...
754 2544 879 2609 onbno
896 2544 1003 2609 taedae
1024 2579 1069 2594 --

56 2651 163 2715 quade
180 2635 284 2696 tomen
296 2632 485 2712 eleccionem,
503 2637 538 2697 ol
553 2653 639 2698 mens
653 2684 659 2695 .
675 2683 681 2696 .
697 2684 704 2696 .
723 2635 814 2696 voluit
832 2642 919 2714 poeta
937 2633 1069 2695 scribere

54 2717 236 2802 societasque
253 2719 347 2785 lnello
364 2723 470 2786 taedae
486 2771 582 2784 .....
601 2721 724 2786 etiarnsi
742 2720 860 2803 obsunt,
879 2723 931 2783 sed
951 2722 1068 2783 aberra-

55 2809 158 2871 riteh
182 2828 232 2892 eo,
259 2811 338 2890 quod
361 2812 492 2873 scribere
516 2812 615 2872 voluit.
661 2821 694 2873 ut
716 2812 763 2871 his
786 2811 860 2871 locis
884 2810 956 2871 salsa
979 2829 1068 2889 quae-

56 2897 124 2960 dam
146 2901 250 2959 nescio
273 2902 358 2960 cuius
380 2902 554 2960 nominativi
576 2899 703 2960 absoluti
724 2901 838 2979 speeies
858 2917 889 2959 se
909 2900 1005 2980 offert,
1028 2901 1068 2958 ita

55 2989 217 3048 accusativi
245 2987 373 3048 absoluti
395 2987 422 3048 11
446 2984 533 3050 1030
555 3007 618 3067 sqq.
644 2981 705 3070 (nil
727 2986 801 3049 odeo
824 3004 972 3066 magnum
996 2979 1068 3069 (est)

131 3073 215 3154 qnod
234 3091 298 3137 non
317 3072 474 3154 paulatim
496 3073 623 3138 mittent
643 3073 790 3137 mirarier
812 3069 938 3158 omnes).
977 3071 1069 3152 prin

55 3160 135 3242 e'nno
154 3159 232 3225 coeli
251 3161 449 3226 ...colorent
467 3181 602 3244 quaeque
620 3161 656 3226 e'n
674 3180 706 3226 sc
724 3160 1012 3226 cohelet...sideno

55 3253 85 3313 et
104 3247 181 3313 solis
200 3248 416 3314 ...nitorem
439 3251 547 3315 omnio
568 3270 648 3330 quoe
669 3269 752 3314 nnnc
772 3250 802 3312 si
820 3298 827 3312 .
843 3298 872 3312 ..
892 3253 992 3313 entend
1013 3259 1068 3312 etc.

55 3333 171 3423 (essent
186 3337 270 3417 00).
312 3341 361 3401 hic
383 3340 521 3402 Lucretio
545 3341 624 3401 idem
648 3341 756 3402 accidit
777 3339 857 3418 quod
880 3338 1070 3418 Xenophonti

54 3429 86 3488 in
110 3427 310 3508 Cyropaediae
334 3448 358 3490 c.
378 3426 398 3488 2
422 3447 483 3508 par.
504 3425 555 3510 15,
579 3446 647 3489 cum
671 3431 791 3508 scripsit
814 3426 894 3500 τοὺς
908 3422 1070 3506 Ἕλληνας

130 3511 231 3578 οὐδέν
254 3533 320 3578 που
344 3509 447 3597 σαφὲς
470 3511 598 3597 λέγεται
622 3515 653 3578 εί
673 3512 818 3578 ἕπονται.
861 3516 947 3576 alitor
967 3532 1016 3577 res
1036 3531 1068 3577 se
