2438 3998
467 188 750 245 Puonucouurm.
1049 190 1114 245 XIX

101 339 192 398 etiam
215 335 330 396 hiatum
352 338 400 396 vix
423 336 482 396 sert
504 338 536 397 in
558 336 657 398 verbis
680 337 823 418 iambicis,
853 337 888 398 de
912 355 969 416 qua
992 356 1025 397 re
1048 338 1113 397 vide

101 443 176 504 quae
208 423 245 484 ad
272 423 309 484 Vl
333 421 394 485 748
426 424 522 485 dicam
550 432 580 485 et
607 444 681 503 quae
708 428 773 504 ipse
801 425 888 486 docet
914 425 950 485 ad
977 422 1113 486 1u941.

100 531 161 574 non
189 515 289 572 minus
315 511 440 573 licenter
469 513 548 572 idem
580 519 674 573 mutat
705 513 777 574 illud
809 511 935 575 animae
961 509 1114 593 elementa,

101 600 181 681 quod
210 607 290 661 extat
317 599 357 659 lll
384 595 457 661 374.
509 600 562 660 sed
589 603 621 660 in
651 603 828 661 contrariam
856 619 973 680 quoque
1000 609 1115 679 partem

100 695 219 770 peccat,
250 706 318 749 cum
345 705 450 748 versus
477 688 685 749 immodulatos
714 689 815 768 quales
843 697 912 750 sunt
933 689 973 749 lll
997 686 1060 752 258
1086 696 1116 750 et

101 777 139 837 Vl
164 773 250 838 1057
281 793 397 836 summo
420 793 560 837 versuum
583 778 695 837 artifice
721 795 781 838 non
803 777 940 856 indignos
963 784 1055 858 putat,
1078 777 1114 837 de

102 883 226 927 caesura
257 866 359 924 nescio
390 882 446 941 qua
474 866 553 925 inter
580 864 705 944 syllabas
732 865 976 944 colliquescentcs
1005 865 1115 944 dicens,

102 972 192 1033 quam
216 951 327 1013 nullam
346 970 412 1012 esse
431 951 518 1013 docet
535 951 605 1013 Luc.
624 952 765 1013 Millerus
784 953 820 1013 de
839 971 872 1013 re
891 960 975 1013 metr.
994 971 1021 1031 p.
1042 950 1114 1015 196.

192 1039 362 1100 Proximum
397 1046 443 1100 est
474 1048 507 1100 ut
538 1041 703 1122 rideamus,
739 1041 810 1120 quid
842 1040 1046 1101 Lachmannus
1078 1040 1115 1099 de

102 1146 267 1189 sermone
285 1128 462 1189 Lucretiano
481 1131 639 1189 censuerit.
675 1138 760 1190 vocat
777 1132 822 1189 rir
836 1129 1000 1189 acutissimi
1013 1127 1116 1187 iudicii

102 1217 276 1278 Lucretium
299 1217 497 1276 castissimum
520 1215 674 1277 latinitatis
698 1225 861 1298 auctorem,
887 1219 935 1277 cui
957 1218 1116 1276 immanem

103 1305 312 1366 soloecismum
339 1301 541 1383 quadripedes
567 1303 659 1383 qnasi
681 1303 747 1366 sint
766 1306 907 1368 mactata
928 1304 1116 1384 impudenter

103 1393 320 1470 adscripserint
351 1395 544 1472 interpretes,
576 1393 612 1452 ad
639 1392 658 1452 l.
685 1392 722 1453 Vl
750 1390 827 1455 757:
859 1396 922 1472 ipse
951 1391 1056 1453 scribit
1080 1390 1118 1472 fit

102 1477 257 1559 mactaiu',
273 1479 350 1558 quod
373 1498 479 1540 vereor
500 1487 534 1541 ut
556 1480 680 1541 latinum
701 1484 747 1542 sit.
793 1482 880 1560 idem,
903 1499 940 1541 ne
963 1480 999 1540 ad
1022 1476 1117 1541 nobes

103 1603 146 1612 —
168 1565 272 1630 densis
293 1565 331 1648 pc
350 1563 482 1629 nobcbos
500 1601 543 1612 -
562 1572 726 1647 respiciens
744 1577 831 1647 pocta
849 1565 915 1629 lato
933 1574 963 1627 et
980 1569 1117 1628 cocco

104 1658 272 1736 scripserit,
301 1656 433 1716 eiusdem
462 1656 531 1716 libri
557 1676 600 1716 vv.
626 1653 690 1718 185
713 1675 756 1734 sq.
782 1654 917 1716 versibus
942 1651 1115 1716 189-193

105 1743 291 1820 interpositis
317 1761 334 1801 a
357 1739 465 1804 v.187
489 1752 618 1822 separat:
645 1747 677 1802 in
704 1740 812 1819 quibus
840 1737 1053 1800 mutationibus
1075 1755 1112 1795 ne

104 1828 284 1909 Bernaysius
307 1830 428 1908 quidem
451 1848 518 1891 eum
542 1837 662 1891 secutus
685 1836 738 1891 est.
780 1828 850 1906 quid
874 1823 975 1887 enim?
1014 1843 1112 1884 nonne

103 1914 293 1976 Lachmanno
311 1914 532 1974 Lachmannum
553 1932 711 1993 possumus
731 1932 889 1993 opponere,
912 1916 1021 1992 quippe
1040 1913 1117 1992 apud

105 2021 196 2083 quem
231 2003 304 2062 haec
341 2004 451 2080 scripta
485 2009 585 2062 extent
615 2002 748 2063 eiusdem
781 2002 849 2062 libri
881 2020 924 2061 vv.
957 1999 1021 2062 212
1054 2020 1117 2080 sqq.

103 2087 224 2153 nubila
246 2086 338 2152 caeli:
361 2091 390 2152 et
410 2106 480 2151 cnm
500 2091 607 2152 centus
630 2107 698 2154 cas
721 2137 763 2171 ..,
789 2089 841 2151 ubi
862 2089 1007 2150 librorum
1030 2090 1118 2149 fidem

105 2186 228 2239 secutus
251 2179 281 2237 id
301 2180 418 2258 retinet,
442 2177 520 2255 quod
540 2181 688 2239 inmanem
712 2178 921 2238 soloecismum
945 2178 1044 2238 dicere
1068 2177 1117 2237 de-

104 2266 204 2346 bebat,
223 2268 248 2325 si
267 2265 325 2326 sibi
343 2272 479 2326 constare
493 2265 594 2326 vellet:
617 2266 653 2326 ad
673 2267 752 2326 idem
771 2284 864 2345 genus
883 2268 1021 2344 pertinet,
1040 2265 1117 2342 quod

104 2354 142 2414 Vl
160 2349 230 2415 449
250 2371 288 2415 ca
310 2353 346 2413 ad
368 2350 462 2415 nobes
481 2353 665 2432 -pluralis
688 2372 832 2414 numerus
856 2360 902 2413 est
919 2385 964 2396 -
981 2352 1118 2432 refertur,

105 2442 142 2504 cl.
171 2441 249 2501 inira
276 2459 350 2520 quae
380 2442 515 2501 scribam.
564 2441 647 2501 vides
674 2443 765 2520 igitur
793 2448 931 2520 quattuor
953 2440 1040 2521 locis,
1067 2439 1120 2500 ubi

105 2529 211 2591 eadem
232 2547 282 2589 res
305 2537 335 2589 et
357 2531 493 2590 neutrius
517 2536 547 2589 et
569 2531 704 2589 feminini
725 2531 843 2608 generis
862 2528 1002 2589 vocabulo
1021 2528 1119 2607 appel-

104 2618 162 2678 lari
188 2618 297 2698 possit,
324 2616 495 2677 Lucretium
522 2619 553 2676 in
582 2635 656 2678 novo
687 2619 838 2678 enuntiato
865 2618 959 2696 priori
986 2615 1119 2676 subiecto

105 2705 143 2766 ad
171 2723 236 2765 eam
268 2722 332 2764 rem
363 2707 573 2783 respicientem
604 2712 710 2765 neutro
742 2707 799 2785 uti,
831 2704 882 2764 ubi
914 2706 1119 2782 grammaticae

105 2793 154 2854 lex
177 2792 366 2874 femininum,
390 2794 546 2874 feminino,
571 2793 624 2854 ubi
646 2799 786 2853 neutrum
808 2791 982 2871 postulabat.
1032 2791 1120 2871 paulo

106 2881 193 2941 aliter
217 2899 249 2940 se
272 2898 321 2940 res
344 2880 440 2960 habet,
464 2881 559 2941 sicubi
581 2879 628 2943 rec'
650 2881 791 2942 vocabulo
814 2898 887 2941 usus
909 2882 950 2940 ita
973 2882 1070 2959 pergit
1088 2887 1121 2940 ut

105 2976 213 3030 neutro
236 2967 359 3046 pluralis
382 2971 502 3030 numeri
523 2975 636 3029 utatur:
659 2977 693 3030 ut
716 2977 761 3029 est
783 2964 859 3030 150
879 2985 922 3046 sq.
944 2984 994 3030 res
1012 2965 1121 3048 omnis,

98 3053 112 3118 ’.
129 3103 158 3117 ..
182 3053 288 3118 eodem
311 3064 341 3116 et
362 3055 400 3116 IV
422 3052 485 3117 329
511 3075 563 3136 sq,
587 3056 666 3135 quod
688 3056 780 3117 multo
804 3055 908 3116 durius
932 3064 978 3116 est
999 3062 1121 3135 propter

106 3143 342 3224 ambiguitatem,
372 3161 478 3206 rernm
503 3141 674 3206 omolocrc
697 3192 761 3225 ...,
791 3161 870 3223 quoe
896 3141 959 3205 sita
987 3145 1061 3205 scot
1085 3141 1122 3205 c'n

104 3228 184 3308 luce,
217 3250 285 3292 nam
317 3250 418 3293 rerum
450 3232 606 3294 simulacra
634 3235 753 3294 omnino
782 3235 840 3293 sita
867 3250 927 3292 non
955 3239 1036 3312 sunt,
1069 3231 1121 3291 sed

105 3321 244 3382 feruntur
276 3320 445 3382 incredibili
475 3320 634 3382 celeritate.
689 3339 760 3400 ergo
791 3319 864 3381 illud
896 3337 975 3399 quoe
1005 3319 1041 3380 ad
1073 3336 1122 3380 res

105 3408 298 3470 referendum
322 3415 375 3469 est.
420 3426 543 3470 monere
564 3416 664 3469 tamen
686 3409 787 3490 velim,
814 3409 870 3469 boc
892 3410 991 3468 minus
1014 3408 1121 3467 durum

106 3497 173 3558 fieri
200 3497 387 3577 pronominis
410 3496 525 3557 relativi
547 3505 664 3579 natura,
693 3516 767 3575 quae
790 3515 850 3558 non
872 3514 996 3576 prorsus
1019 3494 1121 3554 eadem

868 3593 908 3648 b*
