2438 3998
129 227 173 292 58
619 224 646 278 11

129 387 187 441 935
200 391 261 434 non
284 373 351 434 lieri
372 369 490 450 partum
513 373 573 432 nisi
596 371 721 432 concilio
745 377 812 431 ante
835 377 950 451 coacto,

201 479 258 521 nec
281 462 439 539 quicquam
462 461 638 520 commutari
660 461 725 520 sine
748 457 914 520 conciliatu.

203 542 213 632 ll
225 549 372 627 principio
396 554 548 627 nequeunt
570 546 660 608 ullius
683 549 817 625 eorporis
840 564 906 607 cssc

131 653 311 702 consensus
334 643 401 696 ante
424 637 519 714 ipsam
542 637 670 714 genitam
693 643 829 696 naturam
851 636 1021 715 animantis,

204 726 358 804 nimirum,
382 725 451 802 quia
473 725 612 784 materies
635 724 757 783 disiecta
780 730 899 782 tenetur

132 827 188 878 940
201 816 270 872 aere
293 811 465 872 ssumiuibus
487 813 577 872 terris
600 818 738 889 terraque
761 813 882 891 creatis,

204 917 260 960 nec
283 916 441 978 congressa
462 899 551 959 modo
574 897 655 960 vitali
678 901 886 959 convenientes

205 987 330 1048 contulit
351 989 431 1048 inter
453 1005 487 1048 sc
508 994 620 1068 motus,
644 985 753 1065 quibus
777 989 976 1046 omnituentes

134 1092 187 1141 alo
206 1077 325 1136 accensi
347 1093 454 1136 sensus
477 1077 657 1135 animantem
681 1092 826 1154 quamque
849 1068 1007 1153 tuenturll

250 1163 406 1224 Praeterea
429 1165 562 1242 quamuis
585 1165 765 1224 animantem
788 1163 927 1241 grandior
949 1163 1026 1222 ictus

134 1265 190 1318 946
207 1268 295 1330 quam
317 1252 429 1329 patitur
451 1256 569 1331 natura,
592 1259 714 1330 repente
738 1249 852 1329 adfligit
873 1257 903 1310 ct
926 1251 1022 1309 omnis

207 1340 342 1417 corporis
365 1344 454 1416 atque
477 1340 569 1398 animi
590 1341 687 1417 pergit
710 1338 890 1399 confundere
913 1355 1028 1397 sensus.

208 1424 414 1486 dissoluuntur
427 1427 515 1499 ‚enim
538 1428 688 1505 positurae
710 1429 938 1507 principiorum,

136 1515 379 1593 superponens
401 1519 500 1575 motus
522 1513 625 1574 vitales
648 1514 852 1596 inpediuntur,

209 1600 304 1662 donec
324 1603 479 1683 materies,
502 1604 598 1662 omnis
621 1620 765 1663 concussa
788 1608 959 1683 perardus,

135 1704 193 1756 960
210 1689 308 1750 vitalis
331 1691 445 1750 animae
467 1690 561 1751 nodos
584 1708 600 1750 a
623 1709 747 1770 corpore
770 1689 858 1750 solvit
949 1699 951 1708 '

209 1776 432 1857 dispersamque
455 1778 534 1839 loras
556 1796 611 1857 per
634 1779 732 1839 caulas
755 1781 844 1839 eiecit
866 1781 977 1838 omnis:

208 1883 277 1925 nam
300 1865 371 1945 quid
393 1874 547 1944 praetcrea
569 1866 667 1927 lacere
689 1869 781 1927 ictum
804 1884 891 1946 posse
914 1883 1033 1926 reamur

139 1967 191 2017 999
210 1953 353 2033 oblatum,
375 1955 435 2013 uisi
458 1954 607 2015 discutere
631 1973 665 2015 ac
687 1953 849 2015 dissolvere
873 1950 1029 2033 quaeque?

210 2042 243 2100 lit
267 2058 383 2120 quoque
406 2043 452 2101 uti
475 2041 588 2102 soleant
610 2044 710 2102 minus
733 2041 830 2102 oblato
853 2044 961 2102 acriter
983 2044 1045 2102 ictu

138 2142 194 2194 955
210 2127 316 2189 relicui
337 2135 435 2189 motus
458 2129 554 2190 vitalis
576 2131 696 2191 vincere
719 2143 819 2210 saepe,

210 2218 330 2276 vincere
353 2222 384 2276 ct
405 2219 535 2295 ingentis
557 2216 659 2297 plagae
683 2218 786 2279 sedare
809 2215 954 2278 tumultus

211 2308 302 2384 inque
326 2322 396 2364 suos
419 2304 560 2384 quicquid
583 2323 689 2366 rursus
711 2324 850 2366 revocare
873 2313 987 2366 meatus

141 2406 193 2456 aco
211 2400 242 2453 et
264 2394 349 2471 quasi
372 2394 430 2453 iam
453 2393 505 2454 leti
527 2392 726 2454 dominantem
749 2396 781 2454 in
803 2410 928 2473 corpore
950 2401 1063 2453 motum

212 2479 361 2541 discutere
384 2499 418 2541 ac
440 2499 534 2560 paene
558 2483 683 2542 amissos
705 2481 867 2542 accendere
891 2499 1010 2542 sensus:

140 2583 196 2634 960
211 2586 280 2629 nam
304 2586 362 2647 qua
383 2586 417 2629 re
439 2572 538 2648 potius
561 2569 614 2630 leti
636 2572 695 2630 iam
717 2569 818 2629 limine
841 2568 878 2630 ah
900 2572 965 2648 ipso

212 2656 248 2717 ad
270 2658 360 2717 vitam
383 2660 499 2737 possint
520 2657 653 2718 conlecta
674 2665 772 2718 mente
796 2659 918 2738 revorti,

214 2763 301 2824 quam
325 2764 383 2824 quo
406 2746 565 2808 decursum
587 2764 679 2825 prope
702 2748 760 2807 iam
783 2747 841 2806 siet
862 2747 907 2805 ire
931 2751 961 2806 et
984 2741 1087 2806 abire?

142 2848 195 2898 960
213 2840 381 2914 praetcrea,
405 2837 544 2913 quoniam
568 2833 652 2894 dolor
675 2841 734 2915 est,
756 2833 808 2894 uhi
831 2835 966 2894 materiai

213 2939 338 3000 corpora
360 2924 389 2981 vi
410 2923 537 3002 quadam
558 2940 613 3001 per
635 2924 749 2982 viscera
770 2923 835 2982 viva
857 2939 912 3001 per
935 2927 1017 2982 artum

142 3022 199 3074 966
213 3009 367 3070 sollicitata
391 3013 454 3070 suis
475 3009 626 3089 trepidant
648 3011 680 3070 in
702 3009 822 3070 sedibus
846 3012 940 3090 intus,
1112 3024 1151 3065 ses

214 3099 304 3177 inque
327 3096 426 3157 locum
448 3098 564 3177 quando
588 3100 762 3178 remigrant,
785 3099 818 3157 lit
840 3097 947 3158 blanda
970 3097 1119 3180 voluptas,

215 3188 293 3245 sciro
315 3183 386 3245 licet
407 3184 488 3245 nullo
511 3184 673 3264 primordia
695 3203 783 3264 posse
806 3185 908 3247 dolore

144 3289 196 3338 aco
214 3272 354 3351 temptari
375 3271 545 3351 nullamque
567 3273 746 3352 voluptatem
769 3291 875 3353 capere
899 3292 936 3334 cx
960 3292 1005 3354 se,

215 3359 453 3440 quandoquidem
475 3378 536 3420 non
559 3369 629 3422 sunt
651 3379 687 3422 ex
709 3361 779 3422 ullis
801 3364 1018 3441 principiorum

144 3465 202 3517 970
215 3446 403 3531 corporibus,
426 3466 553 3528 quorum
575 3457 673 3510 motus
695 3452 825 3511 novitate
848 3449 982 3511 laborent
1114 3464 1155 3504 oro

216 3537 417 3616 autaliquem
440 3537 568 3598 fructum
592 3540 709 3618 capiant
732 3537 897 3599 dulcedinis
920 3536 1022 3599 almae.
1065 3544 1067 3547 ’
