<?xml version="1.0" encoding="UTF-8"?>
<!DOCTYPE html PUBLIC "-//W3C//DTD XHTML 1.0 Transitional//EN"
    "http://www.w3.org/TR/xhtml1/DTD/xhtml1-transitional.dtd">
<html xmlns="http://www.w3.org/1999/xhtml" xml:lang="en" lang="en">
 <head>
  <title>
</title>
<meta http-equiv="Content-Type" content="text/html;charset=utf-8" />
  <meta name='ocr-system' content='tesseract 3.04.00' />
  <meta name='ocr-capabilities' content='ocr_page ocr_carea ocr_par ocr_line ocrx_word'/>
</head>
<body>
  <div class='ocr_page' id='page_1' title='image "./tlucreticarider02carugoog_0171.png"; bbox 0 0 2438 3998; ppageno 0'>
   <div class='ocr_carea' id='block_1_1' title="bbox 139 223 665 290">
    <p class='ocr_par' dir='ltr' id='par_1_1' title="bbox 139 223 665 290">
     <span class='ocr_line' id='line_1_1' title="bbox 139 223 665 290; baseline -0.004 0"><span class='ocrx_word' id='word_1_1' title='bbox 139 225 182 290; x_wconf 81' lang='lat'><strong>82</strong></span> <span class='ocrx_word' id='word_1_2' title='bbox 625 223 665 276; x_wconf 89' lang='grc' dir='ltr'><strong>ΙΠ</strong></span> 
     </span>
    </p>
   </div>
   <div class='ocr_carea' id='block_1_2' title="bbox 141 368 1154 3608">
    <p class='ocr_par' dir='ltr' id='par_1_2' title="bbox 141 368 1154 3608">
     <span class='ocr_line' id='line_1_2' title="bbox 141 368 1101 449; baseline -0.009 -12"><span class='ocrx_word' id='word_1_3' title='bbox 141 386 194 440; x_wconf 84' lang='grc'><strong>610</strong></span> <span class='ocrx_word' id='word_1_4' title='bbox 213 371 347 432; x_wconf 91' lang='lat' dir='ltr'><strong>dissolui.</strong></span> <span class='ocrx_word' id='word_1_5' title='bbox 383 368 462 448; x_wconf 93' lang='lat' dir='ltr'><strong>quod</strong></span> <span class='ocrx_word' id='word_1_6' title='bbox 485 371 511 429; x_wconf 92' lang='lat' dir='ltr'><strong>si</strong></span> <span class='ocrx_word' id='word_1_7' title='bbox 534 368 699 430; x_wconf 89' lang='lat' dir='ltr'><strong>inmortalis</strong></span> <span class='ocrx_word' id='word_1_8' title='bbox 722 376 823 429; x_wconf 91' lang='lat' dir='ltr'><strong>nostra</strong></span> <span class='ocrx_word' id='word_1_9' title='bbox 845 369 922 429; x_wconf 84' lang='lat' dir='ltr'><strong>foret</strong></span> <span class='ocrx_word' id='word_1_10' title='bbox 943 386 1042 449; x_wconf 91' lang='lat' dir='ltr'><strong>mens,</strong></span> <span class='ocrx_word' id='word_1_11' title='bbox 1097 376 1101 383; x_wconf 81' lang='grc'><strong>’</strong></span> 
     </span>
     <span class='ocr_line' id='line_1_3' title="bbox 212 456 977 537; baseline -0.004 -18"><span class='ocrx_word' id='word_1_12' title='bbox 212 466 354 519; x_wconf 92' lang='lat' dir='ltr'><strong>nontam</strong></span> <span class='ocrx_word' id='word_1_13' title='bbox 378 475 410 518; x_wconf 91' lang='lat' dir='ltr'><strong>se</strong></span> <span class='ocrx_word' id='word_1_14' title='bbox 433 459 564 518; x_wconf 91' lang='lat' dir='ltr'><strong>moriens</strong></span> <span class='ocrx_word' id='word_1_15' title='bbox 587 456 710 517; x_wconf 87' lang='lat' dir='ltr'><strong>dissolvi</strong></span> <span class='ocrx_word' id='word_1_16' title='bbox 732 462 977 537; x_wconf 81' lang='lat' dir='ltr'><strong>conquereretur,</strong></span> 
     </span>
     <span class='ocr_line' id='line_1_4' title="bbox 214 544 1150 624; baseline -0.003 -17"><span class='ocrx_word' id='word_1_17' title='bbox 214 547 265 607; x_wconf 91' lang='lat' dir='ltr'><strong>sed</strong></span> <span class='ocrx_word' id='word_1_18' title='bbox 289 548 382 624; x_wconf 88' lang='lat' dir='ltr'><strong>magis</strong></span> <span class='ocrx_word' id='word_1_19' title='bbox 406 547 450 605; x_wconf 92' lang='lat' dir='ltr'><strong>ire</strong></span> <span class='ocrx_word' id='word_1_20' title='bbox 473 545 554 606; x_wconf 87' lang='lat' dir='ltr'><strong>foras</strong></span> <span class='ocrx_word' id='word_1_21' title='bbox 577 551 748 624; x_wconf 87' lang='lat' dir='ltr'><strong>restemque</strong></span> <span class='ocrx_word' id='word_1_22' title='bbox 770 544 953 624; x_wconf 88' lang='lat' dir='ltr'><strong>relinquere,</strong></span> <span class='ocrx_word' id='word_1_23' title='bbox 979 550 1013 604; x_wconf 86' lang='lat' dir='ltr'><strong>ut</strong></span> <span class='ocrx_word' id='word_1_24' title='bbox 1035 546 1150 622; x_wconf 82' lang='lat' dir='ltr'><strong>anguis.</strong></span> 
     </span>
     <span class='ocr_line' id='line_1_5' title="bbox 256 628 1152 716; baseline 0 -23"><span class='ocrx_word' id='word_1_25' title='bbox 256 628 266 716; x_wconf 73' lang='lat' dir='ltr'><strong>ll</strong></span> <span class='ocrx_word' id='word_1_26' title='bbox 277 634 410 712; x_wconf 87' lang='lat' dir='ltr'><strong>Denique</strong></span> <span class='ocrx_word' id='word_1_27' title='bbox 430 651 483 694; x_wconf 94' lang='lat' dir='ltr'><strong>cur</strong></span> <span class='ocrx_word' id='word_1_28' title='bbox 501 635 592 693; x_wconf 92' lang='lat' dir='ltr'><strong>animi</strong></span> <span class='ocrx_word' id='word_1_29' title='bbox 605 650 766 711; x_wconf 87' lang='lat' dir='ltr'><strong>numquam</strong></span> <span class='ocrx_word' id='word_1_30' title='bbox 779 650 864 692; x_wconf 88' lang='lat' dir='ltr'><strong>mens</strong></span> <span class='ocrx_word' id='word_1_31' title='bbox 878 630 1096 710; x_wconf 84' lang='lat' dir='ltr'><strong>consiliumque</strong></span> <span class='ocrx_word' id='word_1_32' title='bbox 1110 653 1152 694; x_wconf 80' lang='lat' dir='ltr'><strong>cm</strong></span> 
     </span>
     <span class='ocr_line' id='line_1_6' title="bbox 214 719 1114 800; baseline -0.003 -19"><span class='ocrx_word' id='word_1_33' title='bbox 214 724 344 800; x_wconf 81' lang='lat' dir='ltr'><strong>gignitur</strong></span> <span class='ocrx_word' id='word_1_34' title='bbox 367 722 517 800; x_wconf 89' lang='lat' dir='ltr'><strong>incapite</strong></span> <span class='ocrx_word' id='word_1_35' title='bbox 540 728 591 780; x_wconf 89' lang='lat' dir='ltr'><strong>aut</strong></span> <span class='ocrx_word' id='word_1_36' title='bbox 612 720 737 800; x_wconf 86' lang='lat' dir='ltr'><strong>pedibus</strong></span> <span class='ocrx_word' id='word_1_37' title='bbox 760 720 946 800; x_wconf 85' lang='lat' dir='ltr'><strong>manibusve,</strong></span> <span class='ocrx_word' id='word_1_38' title='bbox 969 719 1022 780; x_wconf 90' lang='lat' dir='ltr'><strong>sed</strong></span> <span class='ocrx_word' id='word_1_39' title='bbox 1045 721 1114 780; x_wconf 92' lang='lat' dir='ltr'><strong>unis</strong></span> 
     </span>
     <span class='ocr_line' id='line_1_7' title="bbox 142 807 995 886; baseline -0.012 -9"><span class='ocrx_word' id='word_1_40' title='bbox 142 825 195 877; x_wconf 83' lang='grc'><strong>616</strong></span> <span class='ocrx_word' id='word_1_41' title='bbox 215 808 335 870; x_wconf 86' lang='lat' dir='ltr'><strong>sedibus</strong></span> <span class='ocrx_word' id='word_1_42' title='bbox 359 817 389 870; x_wconf 90' lang='lat' dir='ltr'><strong>et</strong></span> <span class='ocrx_word' id='word_1_43' title='bbox 411 811 501 870; x_wconf 89' lang='lat' dir='ltr'><strong>certis</strong></span> <span class='ocrx_word' id='word_1_44' title='bbox 524 807 697 886; x_wconf 89' lang='lat' dir='ltr'><strong>regionibus</strong></span> <span class='ocrx_word' id='word_1_45' title='bbox 720 808 858 869; x_wconf 90' lang='lat' dir='ltr'><strong>omnibus</strong></span> <span class='ocrx_word' id='word_1_46' title='bbox 879 808 995 886; x_wconf 82' lang='lat' dir='ltr'><strong>haeret,</strong></span> 
     </span>
     <span class='ocr_line' id='line_1_8' title="bbox 214 894 1042 973; baseline -0.005 -15"><span class='ocrx_word' id='word_1_47' title='bbox 214 900 322 958; x_wconf 89' lang='lat' dir='ltr'><strong>sinon</strong></span> <span class='ocrx_word' id='word_1_48' title='bbox 346 903 427 958; x_wconf 90' lang='lat' dir='ltr'><strong>certa</strong></span> <span class='ocrx_word' id='word_1_49' title='bbox 448 896 512 956; x_wconf 92' lang='lat' dir='ltr'><strong>loca</strong></span> <span class='ocrx_word' id='word_1_50' title='bbox 535 895 572 956; x_wconf 91' lang='lat' dir='ltr'><strong>ad</strong></span> <span class='ocrx_word' id='word_1_51' title='bbox 595 895 774 956; x_wconf 90' lang='lat' dir='ltr'><strong>nascendum</strong></span> <span class='ocrx_word' id='word_1_52' title='bbox 797 894 912 955; x_wconf 89' lang='lat' dir='ltr'><strong>reddita</strong></span> <span class='ocrx_word' id='word_1_53' title='bbox 936 897 1042 973; x_wconf 90' lang='lat' dir='ltr'><strong>cuique</strong></span> 
     </span>
     <span class='ocr_line' id='line_1_9' title="bbox 215 983 991 1065; baseline -0.003 -20"><span class='ocrx_word' id='word_1_54' title='bbox 215 993 297 1065; x_wconf 90' lang='lat' dir='ltr'><strong>sunt,</strong></span> <span class='ocrx_word' id='word_1_55' title='bbox 323 992 353 1045; x_wconf 87' lang='lat' dir='ltr'><strong>et</strong></span> <span class='ocrx_word' id='word_1_56' title='bbox 374 984 427 1045; x_wconf 91' lang='lat' dir='ltr'><strong>ubi</strong></span> <span class='ocrx_word' id='word_1_57' title='bbox 449 983 590 1063; x_wconf 88' lang='lat' dir='ltr'><strong>quicquid</strong></span> <span class='ocrx_word' id='word_1_58' title='bbox 613 985 707 1062; x_wconf 90' lang='lat' dir='ltr'><strong>possit</strong></span> <span class='ocrx_word' id='word_1_59' title='bbox 729 983 836 1044; x_wconf 91' lang='lat' dir='ltr'><strong>durare</strong></span> <span class='ocrx_word' id='word_1_60' title='bbox 859 990 991 1043; x_wconf 91' lang='lat' dir='ltr'><strong>creatum</strong></span> 
     </span>
     <span class='ocr_line' id='line_1_10' title="bbox 214 1071 1152 1152; baseline 0 -19"><span class='ocrx_word' id='word_1_61' title='bbox 214 1081 301 1152; x_wconf 90' lang='lat' dir='ltr'><strong>atque</strong></span> <span class='ocrx_word' id='word_1_62' title='bbox 324 1074 365 1132; x_wconf 87' lang='lat' dir='ltr'><strong>ita</strong></span> <span class='ocrx_word' id='word_1_63' title='bbox 387 1071 570 1132; x_wconf 87' lang='lat' dir='ltr'><strong>multimodis</strong></span> <span class='ocrx_word' id='word_1_64' title='bbox 592 1073 710 1151; x_wconf 92' lang='lat' dir='ltr'><strong>partitis</strong></span> <span class='ocrx_word' id='word_1_65' title='bbox 733 1071 856 1132; x_wconf 92' lang='lat' dir='ltr'><strong>artubus</strong></span> <span class='ocrx_word' id='word_1_66' title='bbox 880 1088 959 1150; x_wconf 87' lang='lat' dir='ltr'><strong>esse,</strong></span> <span class='ocrx_word' id='word_1_67' title='bbox 1111 1093 1152 1133; x_wconf 82' lang='lat' dir='ltr'><strong>cm</strong></span> 
     </span>
     <span class='ocr_line' id='line_1_11' title="bbox 214 1154 1133 1239; baseline -0.001 -19"><span class='ocrx_word' id='word_1_68' title='bbox 214 1160 416 1220; x_wconf 93' lang='lat' dir='ltr'><strong>membrorum</strong></span> <span class='ocrx_word' id='word_1_69' title='bbox 438 1166 473 1219; x_wconf 86' lang='lat' dir='ltr'><strong>ut</strong></span> <span class='ocrx_word' id='word_1_70' title='bbox 494 1176 654 1238; x_wconf 91' lang='lat' dir='ltr'><strong>numquam</strong></span> <span class='ocrx_word' id='word_1_71' title='bbox 677 1161 785 1220; x_wconf 84' lang='lat' dir='ltr'><strong>existat</strong></span> <span class='ocrx_word' id='word_1_72' title='bbox 805 1165 1015 1239; x_wconf 90' lang='lat' dir='ltr'><strong>praeposterus</strong></span> <span class='ocrx_word' id='word_1_73' title='bbox 1038 1154 1133 1219; x_wconf 84' lang='lat' dir='ltr'><strong>ordo?</strong></span> 
     </span>
     <span class='ocr_line' id='line_1_12' title="bbox 144 1246 1115 1327; baseline -0.005 -18"><span class='ocrx_word' id='word_1_74' title='bbox 144 1264 197 1315; x_wconf 76' lang='lat' dir='ltr'><strong>cuo</strong></span> <span class='ocrx_word' id='word_1_75' title='bbox 215 1266 310 1326; x_wconf 91' lang='lat' dir='ltr'><strong>usque</strong></span> <span class='ocrx_word' id='word_1_76' title='bbox 334 1247 406 1308; x_wconf 90' lang='lat' dir='ltr'><strong>adeo</strong></span> <span class='ocrx_word' id='word_1_77' title='bbox 430 1248 566 1324; x_wconf 91' lang='lat' dir='ltr'><strong>sequitur</strong></span> <span class='ocrx_word' id='word_1_78' title='bbox 587 1264 636 1306; x_wconf 89' lang='lat' dir='ltr'><strong>res</strong></span> <span class='ocrx_word' id='word_1_79' title='bbox 660 1265 737 1327; x_wconf 87' lang='lat' dir='ltr'><strong>rem,</strong></span> <span class='ocrx_word' id='word_1_80' title='bbox 759 1263 856 1324; x_wconf 88' lang='lat' dir='ltr'><strong>nequo</strong></span> <span class='ocrx_word' id='word_1_81' title='bbox 879 1246 996 1305; x_wconf 88' lang='lat' dir='ltr'><strong>llamma</strong></span> <span class='ocrx_word' id='word_1_82' title='bbox 1018 1248 1115 1305; x_wconf 93' lang='lat' dir='ltr'><strong>creari</strong></span> 
     </span>
     <span class='ocr_line' id='line_1_13' title="bbox 215 1329 1062 1413; baseline -0.004 -18"><span class='ocrx_word' id='word_1_83' title='bbox 215 1335 387 1396; x_wconf 86' lang='lat' dir='ltr'><strong>fluminibus</strong></span> <span class='ocrx_word' id='word_1_84' title='bbox 411 1333 526 1394; x_wconf 90' lang='lat' dir='ltr'><strong>solitast</strong></span> <span class='ocrx_word' id='word_1_85' title='bbox 547 1351 644 1412; x_wconf 91' lang='lat' dir='ltr'><strong>neque</strong></span> <span class='ocrx_word' id='word_1_86' title='bbox 667 1336 699 1394; x_wconf 92' lang='lat' dir='ltr'><strong>in</strong></span> <span class='ocrx_word' id='word_1_87' title='bbox 721 1336 784 1412; x_wconf 91' lang='lat' dir='ltr'><strong>igni</strong></span> <span class='ocrx_word' id='word_1_88' title='bbox 806 1334 921 1412; x_wconf 89' lang='lat' dir='ltr'><strong>gignier</strong></span> <span class='ocrx_word' id='word_1_89' title='bbox 943 1332 1032 1411; x_wconf 88' lang='lat' dir='ltr'><strong>algor.</strong></span> <span class='ocrx_word' id='word_1_90' title='bbox 1050 1329 1062 1413; x_wconf 83' lang='grc' dir='ltr'><strong>ΙΙ</strong></span> 
     </span>
     <span class='ocr_line' id='line_1_14' title="bbox 258 1420 939 1482; baseline -0.003 0"><span class='ocrx_word' id='word_1_91' title='bbox 258 1422 414 1482; x_wconf 89' lang='lat' dir='ltr'><strong>Praeterea</strong></span> <span class='ocrx_word' id='word_1_92' title='bbox 437 1423 464 1482; x_wconf 90' lang='lat' dir='ltr'><strong>si</strong></span> <span class='ocrx_word' id='word_1_93' title='bbox 486 1420 651 1482; x_wconf 90' lang='lat' dir='ltr'><strong>inmortalis</strong></span> <span class='ocrx_word' id='word_1_94' title='bbox 673 1428 778 1482; x_wconf 92' lang='lat' dir='ltr'><strong>natura</strong></span> <span class='ocrx_word' id='word_1_95' title='bbox 801 1423 939 1482; x_wconf 90' lang='lat' dir='ltr'><strong>animaist</strong></span> 
     </span>
     <span class='ocr_line' id='line_1_15' title="bbox 215 1512 1150 1589; baseline 0 -18"><span class='ocrx_word' id='word_1_96' title='bbox 215 1516 245 1571; x_wconf 89' lang='lat' dir='ltr'><strong>et</strong></span> <span class='ocrx_word' id='word_1_97' title='bbox 268 1512 379 1570; x_wconf 91' lang='lat' dir='ltr'><strong>sentire</strong></span> <span class='ocrx_word' id='word_1_98' title='bbox 402 1516 500 1588; x_wconf 91' lang='lat' dir='ltr'><strong>potest</strong></span> <span class='ocrx_word' id='word_1_99' title='bbox 523 1516 636 1570; x_wconf 87' lang='lat' dir='ltr'><strong>secreta</strong></span> <span class='ocrx_word' id='word_1_100' title='bbox 659 1528 676 1569; x_wconf 92' lang='lat' dir='ltr'><strong>a</strong></span> <span class='ocrx_word' id='word_1_101' title='bbox 698 1527 821 1589; x_wconf 87' lang='lat' dir='ltr'><strong>corpora</strong></span> <span class='ocrx_word' id='word_1_102' title='bbox 844 1514 960 1588; x_wconf 91' lang='lat' dir='ltr'><strong>nostro,</strong></span> <span class='ocrx_word' id='word_1_103' title='bbox 1111 1531 1150 1572; x_wconf 77' lang='lat' dir='ltr'><strong>eos</strong></span> 
     </span>
     <span class='ocr_line' id='line_1_16' title="bbox 216 1596 1150 1677; baseline -0.001 -19"><span class='ocrx_word' id='word_1_104' title='bbox 216 1599 355 1677; x_wconf 89' lang='lat' dir='ltr'><strong>quinque,</strong></span> <span class='ocrx_word' id='word_1_105' title='bbox 378 1607 412 1658; x_wconf 87' lang='lat' dir='ltr'><strong>ut</strong></span> <span class='ocrx_word' id='word_1_106' title='bbox 430 1599 544 1677; x_wconf 90' lang='lat' dir='ltr'><strong>opinor,</strong></span> <span class='ocrx_word' id='word_1_107' title='bbox 565 1615 629 1657; x_wconf 87' lang='lat' dir='ltr'><strong>eam</strong></span> <span class='ocrx_word' id='word_1_108' title='bbox 649 1597 847 1658; x_wconf 83' lang='lat' dir='ltr'><strong>faciundumst</strong></span> <span class='ocrx_word' id='word_1_109' title='bbox 866 1596 1003 1657; x_wconf 91' lang='lat' dir='ltr'><strong>sensibus</strong></span> <span class='ocrx_word' id='word_1_110' title='bbox 1021 1604 1150 1658; x_wconf 91' lang='lat' dir='ltr'><strong>auctam:</strong></span> 
     </span>
     <span class='ocr_line' id='line_1_17' title="bbox 145 1683 920 1765; baseline -0.012 -12"><span class='ocrx_word' id='word_1_111' title='bbox 145 1702 196 1752; x_wconf 76' lang='lat' dir='ltr'><strong>aab</strong></span> <span class='ocrx_word' id='word_1_112' title='bbox 215 1704 271 1745; x_wconf 92' lang='lat' dir='ltr'><strong>uec</strong></span> <span class='ocrx_word' id='word_1_113' title='bbox 293 1688 407 1746; x_wconf 89' lang='lat' dir='ltr'><strong>ratione</strong></span> <span class='ocrx_word' id='word_1_114' title='bbox 431 1685 486 1746; x_wconf 88' lang='lat' dir='ltr'><strong>alia</strong></span> <span class='ocrx_word' id='word_1_115' title='bbox 508 1692 626 1745; x_wconf 87' lang='lat' dir='ltr'><strong>uosmet</strong></span> <span class='ocrx_word' id='word_1_116' title='bbox 646 1703 811 1765; x_wconf 91' lang='lat' dir='ltr'><strong>proponere</strong></span> <span class='ocrx_word' id='word_1_117' title='bbox 834 1683 920 1745; x_wconf 93' lang='lat' dir='ltr'><strong>nobis</strong></span> 
     </span>
     <span class='ocr_line' id='line_1_18' title="bbox 214 1772 981 1853; baseline 0.001 -21"><span class='ocrx_word' id='word_1_118' title='bbox 214 1791 372 1853; x_wconf 88' lang='lat' dir='ltr'><strong>possumus</strong></span> <span class='ocrx_word' id='word_1_119' title='bbox 395 1773 526 1833; x_wconf 87' lang='lat' dir='ltr'><strong>iuleruas</strong></span> <span class='ocrx_word' id='word_1_120' title='bbox 550 1775 662 1832; x_wconf 92' lang='lat' dir='ltr'><strong>animas</strong></span> <span class='ocrx_word' id='word_1_121' title='bbox 684 1772 851 1833; x_wconf 79' lang='lat' dir='ltr'><strong>Acherunte</strong></span> <span class='ocrx_word' id='word_1_122' title='bbox 873 1773 981 1850; x_wconf 84' lang='lat' dir='ltr'><strong>vagari.</strong></span> 
     </span>
     <span class='ocr_line' id='line_1_19' title="bbox 215 1859 960 1940; baseline 0 -20"><span class='ocrx_word' id='word_1_123' title='bbox 215 1863 344 1939; x_wconf 92' lang='lat' dir='ltr'><strong>pictores</strong></span> <span class='ocrx_word' id='word_1_124' title='bbox 366 1863 465 1940; x_wconf 88' lang='lat' dir='ltr'><strong>itaque</strong></span> <span class='ocrx_word' id='word_1_125' title='bbox 489 1867 519 1920; x_wconf 86' lang='lat' dir='ltr'><strong>et</strong></span> <span class='ocrx_word' id='word_1_126' title='bbox 541 1862 720 1939; x_wconf 89' lang='lat' dir='ltr'><strong>scriptorum</strong></span> <span class='ocrx_word' id='word_1_127' title='bbox 743 1859 839 1920; x_wconf 91' lang='lat' dir='ltr'><strong>saecla</strong></span> <span class='ocrx_word' id='word_1_128' title='bbox 860 1862 960 1939; x_wconf 88' lang='lat' dir='ltr'><strong>priora</strong></span> 
     </span>
     <span class='ocr_line' id='line_1_20' title="bbox 215 1947 1151 2010; baseline 0.002 -2"><span class='ocrx_word' id='word_1_129' title='bbox 215 1950 259 2008; x_wconf 89' lang='lat' dir='ltr'><strong>sic</strong></span> <span class='ocrx_word' id='word_1_130' title='bbox 282 1951 394 2009; x_wconf 89' lang='lat' dir='ltr'><strong>animas</strong></span> <span class='ocrx_word' id='word_1_131' title='bbox 416 1950 495 2008; x_wconf 90' lang='lat' dir='ltr'><strong>intro</strong></span> <span class='ocrx_word' id='word_1_132' title='bbox 518 1947 667 2008; x_wconf 85' lang='lat' dir='ltr'><strong>duxerunt</strong></span> <span class='ocrx_word' id='word_1_133' title='bbox 688 1948 825 2009; x_wconf 90' lang='lat' dir='ltr'><strong>sensibus</strong></span> <span class='ocrx_word' id='word_1_134' title='bbox 851 1954 959 2008; x_wconf 89' lang='lat' dir='ltr'><strong>auctas.</strong></span> <span class='ocrx_word' id='word_1_135' title='bbox 1110 1970 1151 2010; x_wconf 84' lang='lat' dir='ltr'><strong>cco</strong></span> 
     </span>
     <span class='ocr_line' id='line_1_21' title="bbox 215 2034 1125 2114; baseline -0.002 -18"><span class='ocrx_word' id='word_1_136' title='bbox 215 2042 245 2096; x_wconf 89' lang='lat' dir='ltr'><strong>at</strong></span> <span class='ocrx_word' id='word_1_137' title='bbox 266 2053 363 2113; x_wconf 90' lang='lat' dir='ltr'><strong>neque</strong></span> <span class='ocrx_word' id='word_1_138' title='bbox 387 2053 503 2095; x_wconf 89' lang='lat' dir='ltr'><strong>sorsum</strong></span> <span class='ocrx_word' id='word_1_139' title='bbox 526 2034 605 2095; x_wconf 92' lang='lat' dir='ltr'><strong>oculi</strong></span> <span class='ocrx_word' id='word_1_140' title='bbox 626 2053 723 2114; x_wconf 91' lang='lat' dir='ltr'><strong>neque</strong></span> <span class='ocrx_word' id='word_1_141' title='bbox 746 2053 833 2097; x_wconf 89' lang='lat' dir='ltr'><strong>nares</strong></span> <span class='ocrx_word' id='word_1_142' title='bbox 856 2053 911 2095; x_wconf 91' lang='lat' dir='ltr'><strong>uec</strong></span> <span class='ocrx_word' id='word_1_143' title='bbox 934 2052 1039 2095; x_wconf 90' lang='lat' dir='ltr'><strong>manus</strong></span> <span class='ocrx_word' id='word_1_144' title='bbox 1061 2037 1125 2114; x_wconf 92' lang='lat' dir='ltr'><strong>ipsa</strong></span> 
     </span>
     <span class='ocr_line' id='line_1_22' title="bbox 143 2122 1150 2202; baseline -0.006 -13"><span class='ocrx_word' id='word_1_145' title='bbox 143 2139 197 2189; x_wconf 82' lang='grc'><strong>630</strong></span> <span class='ocrx_word' id='word_1_146' title='bbox 216 2140 281 2183; x_wconf 90' lang='lat' dir='ltr'><strong>esse</strong></span> <span class='ocrx_word' id='word_1_147' title='bbox 304 2129 402 2201; x_wconf 91' lang='lat' dir='ltr'><strong>potest</strong></span> <span class='ocrx_word' id='word_1_148' title='bbox 420 2125 543 2202; x_wconf 90' lang='lat' dir='ltr'><strong>animae,</strong></span> <span class='ocrx_word' id='word_1_149' title='bbox 566 2141 662 2201; x_wconf 91' lang='lat' dir='ltr'><strong>neque</strong></span> <span class='ocrx_word' id='word_1_150' title='bbox 682 2141 798 2184; x_wconf 91' lang='lat' dir='ltr'><strong>sorsum</strong></span> <span class='ocrx_word' id='word_1_151' title='bbox 816 2122 915 2202; x_wconf 88' lang='lat' dir='ltr'><strong>lingua</strong></span> <span class='ocrx_word' id='word_1_152' title='bbox 933 2141 1030 2202; x_wconf 90' lang='lat' dir='ltr'><strong>neque</strong></span> <span class='ocrx_word' id='word_1_153' title='bbox 1049 2141 1150 2183; x_wconf 88' lang='lat' dir='ltr'><strong>aures:</strong></span> 
     </span>
     <span class='ocr_line' id='line_1_23' title="bbox 214 2210 1035 2290; baseline 0.002 -21"><span class='ocrx_word' id='word_1_154' title='bbox 214 2210 292 2270; x_wconf 92' lang='lat' dir='ltr'><strong>haud</strong></span> <span class='ocrx_word' id='word_1_155' title='bbox 315 2212 407 2289; x_wconf 89' lang='lat' dir='ltr'><strong>igitur</strong></span> <span class='ocrx_word' id='word_1_156' title='bbox 428 2228 483 2288; x_wconf 90' lang='lat' dir='ltr'><strong>per</strong></span> <span class='ocrx_word' id='word_1_157' title='bbox 505 2228 536 2270; x_wconf 92' lang='lat' dir='ltr'><strong>se</strong></span> <span class='ocrx_word' id='word_1_158' title='bbox 560 2218 685 2289; x_wconf 91' lang='lat' dir='ltr'><strong>possunt</strong></span> <span class='ocrx_word' id='word_1_159' title='bbox 707 2213 818 2272; x_wconf 87' lang='lat' dir='ltr'><strong>sentire</strong></span> <span class='ocrx_word' id='word_1_160' title='bbox 840 2229 937 2290; x_wconf 91' lang='lat' dir='ltr'><strong>neque</strong></span> <span class='ocrx_word' id='word_1_161' title='bbox 960 2228 1035 2271; x_wconf 87' lang='lat' dir='ltr'><strong>csse.</strong></span> 
     </span>
     <span class='ocr_line' id='line_1_24' title="bbox 258 2292 999 2380; baseline 0.003 -24"><span class='ocrx_word' id='word_1_162' title='bbox 258 2292 268 2380; x_wconf 71' lang='lat' dir='ltr'><strong>ll</strong></span> <span class='ocrx_word' id='word_1_163' title='bbox 280 2296 317 2358; x_wconf 88' lang='lat' dir='ltr'><strong>Et</strong></span> <span class='ocrx_word' id='word_1_164' title='bbox 340 2299 479 2376; x_wconf 89' lang='lat' dir='ltr'><strong>quoniam</strong></span> <span class='ocrx_word' id='word_1_165' title='bbox 501 2304 563 2357; x_wconf 89' lang='lat' dir='ltr'><strong>toto</strong></span> <span class='ocrx_word' id='word_1_166' title='bbox 586 2300 731 2360; x_wconf 91' lang='lat' dir='ltr'><strong>sentimus</strong></span> <span class='ocrx_word' id='word_1_167' title='bbox 754 2317 877 2378; x_wconf 87' lang='lat' dir='ltr'><strong>corpore</strong></span> <span class='ocrx_word' id='word_1_168' title='bbox 900 2300 999 2359; x_wconf 91' lang='lat' dir='ltr'><strong>inesse</strong></span> 
     </span>
     <span class='ocr_line' id='line_1_25' title="bbox 214 2385 1152 2468; baseline 0.003 -23"><span class='ocrx_word' id='word_1_169' title='bbox 214 2385 332 2445; x_wconf 86' lang='lat' dir='ltr'><strong>vitalem</strong></span> <span class='ocrx_word' id='word_1_170' title='bbox 355 2403 476 2446; x_wconf 92' lang='lat' dir='ltr'><strong>sensum</strong></span> <span class='ocrx_word' id='word_1_171' title='bbox 499 2392 529 2447; x_wconf 89' lang='lat' dir='ltr'><strong>et</strong></span> <span class='ocrx_word' id='word_1_172' title='bbox 550 2392 645 2446; x_wconf 92' lang='lat' dir='ltr'><strong>totum</strong></span> <span class='ocrx_word' id='word_1_173' title='bbox 667 2404 733 2446; x_wconf 87' lang='lat' dir='ltr'><strong>essa</strong></span> <span class='ocrx_word' id='word_1_174' title='bbox 756 2386 881 2447; x_wconf 89' lang='lat' dir='ltr'><strong>animala</strong></span> <span class='ocrx_word' id='word_1_175' title='bbox 903 2385 1051 2468; x_wconf 76' lang='lat' dir='ltr'><strong>videmuS,</strong></span> <span class='ocrx_word' id='word_1_176' title='bbox 1111 2408 1152 2448; x_wconf 79' lang='lat' dir='ltr'><strong>ccc</strong></span> 
     </span>
     <span class='ocr_line' id='line_1_26' title="bbox 215 2473 912 2554; baseline 0.001 -21"><span class='ocrx_word' id='word_1_177' title='bbox 215 2476 242 2533; x_wconf 88' lang='lat' dir='ltr'><strong>si</strong></span> <span class='ocrx_word' id='word_1_178' title='bbox 264 2473 361 2534; x_wconf 91' lang='lat' dir='ltr'><strong>subito</strong></span> <span class='ocrx_word' id='word_1_179' title='bbox 384 2473 514 2534; x_wconf 90' lang='lat' dir='ltr'><strong>medium</strong></span> <span class='ocrx_word' id='word_1_180' title='bbox 537 2473 629 2534; x_wconf 92' lang='lat' dir='ltr'><strong>celeri</strong></span> <span class='ocrx_word' id='word_1_181' title='bbox 649 2473 830 2554; x_wconf 89' lang='lat' dir='ltr'><strong>praeciderit</strong></span> <span class='ocrx_word' id='word_1_182' title='bbox 850 2475 912 2535; x_wconf 86' lang='lat' dir='ltr'><strong>ictu</strong></span> 
     </span>
     <span class='ocr_line' id='line_1_27' title="bbox 144 2561 1071 2642; baseline 0.002 -22"><span class='ocrx_word' id='word_1_183' title='bbox 144 2577 196 2629; x_wconf 79' lang='lat'><strong>635</strong></span> <span class='ocrx_word' id='word_1_184' title='bbox 215 2563 260 2621; x_wconf 84' lang='lat' dir='ltr'><strong>vis</strong></span> <span class='ocrx_word' id='word_1_185' title='bbox 282 2561 392 2642; x_wconf 89' lang='lat' dir='ltr'><strong>aliqua,</strong></span> <span class='ocrx_word' id='word_1_186' title='bbox 414 2568 448 2621; x_wconf 87' lang='lat' dir='ltr'><strong>ut</strong></span> <span class='ocrx_word' id='word_1_187' title='bbox 470 2570 588 2622; x_wconf 82' lang='lat' dir='ltr'><strong>sorsum</strong></span> <span class='ocrx_word' id='word_1_188' title='bbox 610 2568 725 2640; x_wconf 92' lang='lat' dir='ltr'><strong>partem</strong></span> <span class='ocrx_word' id='word_1_189' title='bbox 748 2569 883 2622; x_wconf 84' lang='lat' dir='ltr'><strong>secernat</strong></span> <span class='ocrx_word' id='word_1_190' title='bbox 903 2569 1071 2642; x_wconf 90' lang='lat' dir='ltr'><strong>utramque,</strong></span> 
     </span>
     <span class='ocr_line' id='line_1_28' title="bbox 216 2648 950 2730; baseline 0.001 -22"><span class='ocrx_word' id='word_1_191' title='bbox 216 2649 371 2729; x_wconf 90' lang='lat' dir='ltr'><strong>dispertita</strong></span> <span class='ocrx_word' id='word_1_192' title='bbox 392 2649 497 2730; x_wconf 93' lang='lat' dir='ltr'><strong>procul</strong></span> <span class='ocrx_word' id='word_1_193' title='bbox 520 2648 609 2710; x_wconf 92' lang='lat' dir='ltr'><strong>dubio</strong></span> <span class='ocrx_word' id='word_1_194' title='bbox 633 2667 749 2728; x_wconf 91' lang='lat' dir='ltr'><strong>quoque</strong></span> <span class='ocrx_word' id='word_1_195' title='bbox 772 2651 817 2710; x_wconf 86' lang='lat' dir='ltr'><strong>vis</strong></span> <span class='ocrx_word' id='word_1_196' title='bbox 841 2651 950 2710; x_wconf 91' lang='lat' dir='ltr'><strong>animai</strong></span> 
     </span>
     <span class='ocr_line' id='line_1_29' title="bbox 215 2736 941 2815; baseline 0 -18"><span class='ocrx_word' id='word_1_197' title='bbox 215 2743 246 2798; x_wconf 88' lang='lat' dir='ltr'><strong>et</strong></span> <span class='ocrx_word' id='word_1_198' title='bbox 268 2737 391 2798; x_wconf 91' lang='lat' dir='ltr'><strong>discissa</strong></span> <span class='ocrx_word' id='word_1_199' title='bbox 414 2736 502 2797; x_wconf 91' lang='lat' dir='ltr'><strong>simul</strong></span> <span class='ocrx_word' id='word_1_200' title='bbox 525 2755 592 2797; x_wconf 90' lang='lat' dir='ltr'><strong>cum</strong></span> <span class='ocrx_word' id='word_1_201' title='bbox 616 2754 739 2815; x_wconf 88' lang='lat' dir='ltr'><strong>corpora</strong></span> <span class='ocrx_word' id='word_1_202' title='bbox 762 2737 941 2799; x_wconf 90' lang='lat' dir='ltr'><strong>dissicietur.</strong></span> 
     </span>
     <span class='ocr_line' id='line_1_30' title="bbox 215 2824 1153 2906; baseline 0.003 -22"><span class='ocrx_word' id='word_1_203' title='bbox 215 2832 245 2884; x_wconf 92' lang='lat' dir='ltr'><strong>at</strong></span> <span class='ocrx_word' id='word_1_204' title='bbox 267 2824 345 2903; x_wconf 91' lang='lat' dir='ltr'><strong>quod</strong></span> <span class='ocrx_word' id='word_1_205' title='bbox 369 2825 515 2886; x_wconf 86' lang='lat' dir='ltr'><strong>scinditur</strong></span> <span class='ocrx_word' id='word_1_206' title='bbox 537 2832 568 2885; x_wconf 87' lang='lat' dir='ltr'><strong>et</strong></span> <span class='ocrx_word' id='word_1_207' title='bbox 588 2827 682 2904; x_wconf 94' lang='lat' dir='ltr'><strong>partis</strong></span> <span class='ocrx_word' id='word_1_208' title='bbox 705 2825 831 2886; x_wconf 90' lang='lat' dir='ltr'><strong>discedit</strong></span> <span class='ocrx_word' id='word_1_209' title='bbox 853 2827 885 2885; x_wconf 92' lang='lat' dir='ltr'><strong>in</strong></span> <span class='ocrx_word' id='word_1_210' title='bbox 906 2824 995 2906; x_wconf 90' lang='lat' dir='ltr'><strong>ullas,</strong></span> <span class='ocrx_word' id='word_1_211' title='bbox 1112 2847 1153 2887; x_wconf 73' lang='lat' dir='ltr'><strong>oro</strong></span> 
     </span>
     <span class='ocr_line' id='line_1_31' title="bbox 216 2911 976 2994; baseline 0 -22"><span class='ocrx_word' id='word_1_212' title='bbox 216 2912 343 2994; x_wconf 90' lang='lat' dir='ltr'><strong>scilicet,</strong></span> <span class='ocrx_word' id='word_1_213' title='bbox 366 2921 515 2975; x_wconf 92' lang='lat' dir='ltr'><strong>aeternam</strong></span> <span class='ocrx_word' id='word_1_214' title='bbox 538 2912 596 2972; x_wconf 93' lang='lat' dir='ltr'><strong>sibi</strong></span> <span class='ocrx_word' id='word_1_215' title='bbox 618 2919 753 2976; x_wconf 86' lang='lat' dir='ltr'><strong>naturam</strong></span> <span class='ocrx_word' id='word_1_216' title='bbox 776 2911 879 2973; x_wconf 91' lang='lat' dir='ltr'><strong>abnuit</strong></span> <span class='ocrx_word' id='word_1_217' title='bbox 901 2930 976 2973; x_wconf 89' lang='lat' dir='ltr'><strong>essa.</strong></span> 
     </span>
     <span class='ocr_line' id='line_1_32' title="bbox 144 2998 1010 3066; baseline -0.009 1"><span class='ocrx_word' id='word_1_218' title='bbox 144 3017 198 3066; x_wconf 85' lang='grc'><strong>640</strong></span> <span class='ocrx_word' id='word_1_219' title='bbox 215 3000 363 3061; x_wconf 79' lang='lat' dir='ltr'><strong>falciferos</strong></span> <span class='ocrx_word' id='word_1_220' title='bbox 385 3006 550 3061; x_wconf 86' lang='lat' dir='ltr'><strong>memorant</strong></span> <span class='ocrx_word' id='word_1_221' title='bbox 573 3018 678 3061; x_wconf 88' lang='lat' dir='ltr'><strong>currus</strong></span> <span class='ocrx_word' id='word_1_222' title='bbox 702 2999 855 3061; x_wconf 85' lang='lat' dir='ltr'><strong>abscidere</strong></span> <span class='ocrx_word' id='word_1_223' title='bbox 877 2998 1010 3060; x_wconf 93' lang='lat' dir='ltr'><strong>membra</strong></span> 
     </span>
     <span class='ocr_line' id='line_1_33' title="bbox 216 3087 987 3167; baseline -0.001 -18"><span class='ocrx_word' id='word_1_224' title='bbox 216 3107 304 3167; x_wconf 90' lang='lat' dir='ltr'><strong>saepe</strong></span> <span class='ocrx_word' id='word_1_225' title='bbox 327 3090 367 3147; x_wconf 93' lang='lat' dir='ltr'><strong>ita</strong></span> <span class='ocrx_word' id='word_1_226' title='bbox 391 3087 427 3148; x_wconf 89' lang='lat' dir='ltr'><strong>da</strong></span> <span class='ocrx_word' id='word_1_227' title='bbox 451 3087 548 3148; x_wconf 90' lang='lat' dir='ltr'><strong>subito</strong></span> <span class='ocrx_word' id='word_1_228' title='bbox 571 3090 716 3166; x_wconf 83' lang='lat' dir='ltr'><strong>permixta</strong></span> <span class='ocrx_word' id='word_1_229' title='bbox 740 3087 829 3148; x_wconf 88' lang='lat' dir='ltr'><strong>caede</strong></span> <span class='ocrx_word' id='word_1_230' title='bbox 852 3087 987 3167; x_wconf 90' lang='lat' dir='ltr'><strong>calentis,</strong></span> 
     </span>
     <span class='ocr_line' id='line_1_34' title="bbox 216 3173 1069 3254; baseline 0 -19"><span class='ocrx_word' id='word_1_231' title='bbox 216 3182 249 3236; x_wconf 87' lang='lat' dir='ltr'><strong>nt</strong></span> <span class='ocrx_word' id='word_1_232' title='bbox 270 3183 398 3235; x_wconf 91' lang='lat' dir='ltr'><strong>tremere</strong></span> <span class='ocrx_word' id='word_1_233' title='bbox 421 3177 453 3235; x_wconf 92' lang='lat' dir='ltr'><strong>in</strong></span> <span class='ocrx_word' id='word_1_234' title='bbox 475 3182 555 3235; x_wconf 91' lang='lat' dir='ltr'><strong>terra</strong></span> <span class='ocrx_word' id='word_1_235' title='bbox 577 3174 712 3237; x_wconf 84' lang='lat' dir='ltr'><strong>videatur</strong></span> <span class='ocrx_word' id='word_1_236' title='bbox 733 3174 770 3236; x_wconf 91' lang='lat' dir='ltr'><strong>ab</strong></span> <span class='ocrx_word' id='word_1_237' title='bbox 792 3175 914 3236; x_wconf 90' lang='lat' dir='ltr'><strong>artubus</strong></span> <span class='ocrx_word' id='word_1_238' title='bbox 937 3174 967 3234; x_wconf 94' lang='lat' dir='ltr'><strong>id</strong></span> <span class='ocrx_word' id='word_1_239' title='bbox 991 3173 1069 3254; x_wconf 90' lang='lat' dir='ltr'><strong>quod</strong></span> 
     </span>
     <span class='ocr_line' id='line_1_35' title="bbox 217 3260 1154 3343; baseline 0.004 -21"><span class='ocrx_word' id='word_1_240' title='bbox 217 3262 326 3322; x_wconf 90' lang='lat' dir='ltr'><strong>decidit</strong></span> <span class='ocrx_word' id='word_1_241' title='bbox 342 3260 501 3343; x_wconf 91' lang='lat' dir='ltr'><strong>abscisum,</strong></span> <span class='ocrx_word' id='word_1_242' title='bbox 519 3280 587 3322; x_wconf 89' lang='lat' dir='ltr'><strong>cum</strong></span> <span class='ocrx_word' id='word_1_243' title='bbox 600 3281 685 3324; x_wconf 87' lang='lat' dir='ltr'><strong>mens</strong></span> <span class='ocrx_word' id='word_1_244' title='bbox 699 3270 798 3324; x_wconf 89' lang='lat' dir='ltr'><strong>tamen</strong></span> <span class='ocrx_word' id='word_1_245' title='bbox 812 3271 899 3343; x_wconf 87' lang='lat' dir='ltr'><strong>atquc</strong></span> <span class='ocrx_word' id='word_1_246' title='bbox 912 3263 1041 3324; x_wconf 89' lang='lat' dir='ltr'><strong>hominis</strong></span> <span class='ocrx_word' id='word_1_247' title='bbox 1055 3264 1100 3322; x_wconf 87' lang='lat' dir='ltr'><strong>vis</strong></span> <span class='ocrx_word' id='word_1_248' title='bbox 1114 3284 1154 3326; x_wconf 76' lang='lat' dir='ltr'><strong>occ</strong></span> 
     </span>
     <span class='ocr_line' id='line_1_36' title="bbox 216 3348 944 3432; baseline 0 -22"><span class='ocrx_word' id='word_1_249' title='bbox 216 3348 378 3410; x_wconf 91' lang='lat' dir='ltr'><strong>mobilitate</strong></span> <span class='ocrx_word' id='word_1_250' title='bbox 401 3349 471 3410; x_wconf 89' lang='lat' dir='ltr'><strong>mali</strong></span> <span class='ocrx_word' id='word_1_251' title='bbox 493 3368 553 3410; x_wconf 93' lang='lat' dir='ltr'><strong>non</strong></span> <span class='ocrx_word' id='word_1_252' title='bbox 576 3353 641 3430; x_wconf 93' lang='lat' dir='ltr'><strong>quit</strong></span> <span class='ocrx_word' id='word_1_253' title='bbox 664 3353 774 3412; x_wconf 90' lang='lat' dir='ltr'><strong>sentire</strong></span> <span class='ocrx_word' id='word_1_254' title='bbox 798 3351 944 3432; x_wconf 81' lang='lat' dir='ltr'><strong>dolorem3</strong></span> 
     </span>
     <span class='ocr_line' id='line_1_37' title="bbox 146 3437 1085 3520; baseline -0.007 -14"><span class='ocrx_word' id='word_1_255' title='bbox 146 3454 197 3506; x_wconf 83' lang='grc'><strong>646</strong></span> <span class='ocrx_word' id='word_1_256' title='bbox 217 3444 247 3498; x_wconf 89' lang='lat' dir='ltr'><strong>et</strong></span> <span class='ocrx_word' id='word_1_257' title='bbox 270 3437 360 3498; x_wconf 90' lang='lat' dir='ltr'><strong>simul</strong></span> <span class='ocrx_word' id='word_1_258' title='bbox 381 3439 413 3498; x_wconf 91' lang='lat' dir='ltr'><strong>in</strong></span> <span class='ocrx_word' id='word_1_259' title='bbox 435 3456 551 3518; x_wconf 87' lang='lat' dir='ltr'><strong>pugnae</strong></span> <span class='ocrx_word' id='word_1_260' title='bbox 574 3438 672 3499; x_wconf 89' lang='lat' dir='ltr'><strong>studio</strong></span> <span class='ocrx_word' id='word_1_261' title='bbox 697 3438 776 3518; x_wconf 92' lang='lat' dir='ltr'><strong>quod</strong></span> <span class='ocrx_word' id='word_1_262' title='bbox 798 3438 897 3500; x_wconf 90' lang='lat' dir='ltr'><strong>dedita</strong></span> <span class='ocrx_word' id='word_1_263' title='bbox 919 3456 1004 3499; x_wconf 90' lang='lat' dir='ltr'><strong>mens</strong></span> <span class='ocrx_word' id='word_1_264' title='bbox 1027 3444 1085 3520; x_wconf 91' lang='lat' dir='ltr'><strong>est,</strong></span> 
     </span>
     <span class='ocr_line' id='line_1_38' title="bbox 218 3525 976 3608; baseline -0.001 -21"><span class='ocrx_word' id='word_1_265' title='bbox 218 3543 341 3606; x_wconf 91' lang='lat' dir='ltr'><strong>corpore</strong></span> <span class='ocrx_word' id='word_1_266' title='bbox 365 3525 477 3589; x_wconf 86' lang='lat' dir='ltr'><strong>relicuo</strong></span> <span class='ocrx_word' id='word_1_267' title='bbox 500 3545 629 3608; x_wconf 90' lang='lat' dir='ltr'><strong>pugnam</strong></span> <span class='ocrx_word' id='word_1_268' title='bbox 651 3527 816 3606; x_wconf 90' lang='lat' dir='ltr'><strong>caedesque</strong></span> <span class='ocrx_word' id='word_1_269' title='bbox 839 3528 976 3607; x_wconf 87' lang='lat' dir='ltr'><strong>petessit,</strong></span> 
     </span>
    </p>
   </div>
   <div class='ocr_carea' id='block_1_3' title="bbox 0 0 1230 3998">
    <p class='ocr_par' dir='ltr' id='par_1_3' title="bbox 0 0 1230 3998">
     <span class='ocr_line' id='line_1_39' title="bbox 0 0 1230 3998; baseline 0 0"><span class='ocrx_word' id='word_1_270' title='bbox 0 0 1230 3998; x_wconf 95' lang='lat' dir='ltr'><strong> </strong></span> 
     </span>
    </p>
   </div>
  </div>
 </body>
</html>
