2438 3998
468 217 751 275 PROLEGOMENA.
1026 217 1116 272 XXXI

101 380 215 442 earum,
230 380 305 440 quae
320 364 352 422 in
366 362 490 442 reliquis
504 363 588 425 libris
608 372 718 447 extant,
736 372 766 426 et
783 373 919 426 auctores
938 371 969 425 et
986 366 1117 424 rationes

101 450 181 510 infra
201 467 256 510 suo
276 468 409 528 quaeque
429 451 493 512 loco
512 452 605 513 relata
622 455 763 515 invenies.
805 455 837 514 in
855 453 873 513 l.
892 452 929 513 lV
947 453 1117 531 transposui

101 537 189 598 haec:
207 533 340 600 45-48
365 546 432 599 ante
456 537 508 620 26,
528 537 590 602 127
611 560 653 620 sq.
671 549 739 620 post
756 538 810 620 41,
828 537 959 603 51-53
978 546 1046 619 post
1063 536 1118 620 43,

101 632 264 705 utrumque
278 629 367 688 etiam
376 625 482 706 Giuss,
498 624 674 689 129-140
686 636 754 707 post
766 625 838 709 109,
852 625 1026 691 168-113
1049 636 1118 706 post

105 709 180 793 140,
201 709 266 773 174
284 731 328 791 sq.
351 715 430 774 inter
454 711 518 776 125
541 722 572 775 et
596 713 659 777 143
682 718 804 777 inserui.
851 714 1026 779 858-816
1049 721 1118 794 post

104 796 170 862 906
200 799 353 881 collocavi,
380 803 450 861 item
479 799 564 864 1039
588 822 632 882 sq.
659 810 726 882 post
751 801 850 885 1036,
875 802 961 866 1124
988 804 1116 883 denique

104 896 173 949 ante
203 885 289 949 1123
315 891 410 968 posui.
460 892 492 950 in
524 890 541 950 1.
569 890 592 949 V
623 887 686 954 175
710 910 752 970 sq.
782 900 848 953 ante
878 890 941 954 174
969 891 1118 972 collocavi,

104 972 282 1038 273-305
305 983 372 1054 post
393 974 458 1039 260
481 982 581 1061 posui,
604 976 780 1042 534-563
804 983 848 1041 eis
871 978 1019 1059 subiunxi,
1043 997 1117 1058 quae

98 1083 149 1144 vv.
163 1061 340 1127 495-508
358 1065 394 1125 de
412 1072 493 1126 terra
511 1075 542 1127 et
560 1070 668 1128 ceteris
686 1068 790 1128 mundi
808 1066 950 1128 membris
968 1068 1117 1147 dicuntur,

104 1170 228 1212 versum
251 1149 315 1214 693
339 1155 368 1213 ei
390 1154 565 1215 antecedere
589 1155 681 1236 volui,
704 1158 756 1234 qui
778 1162 825 1216 est
847 1152 925 1234 692,
948 1173 973 1215 v.
998 1150 1062 1216 915
1086 1156 1118 1214 16

104 1259 194 1301 suum
217 1239 314 1300 locum
337 1243 356 1301 i.
381 1260 405 1301 e.
428 1249 496 1320 post
519 1239 581 1305 961
606 1246 736 1324 reposui,
758 1262 801 1305 vv.
827 1240 911 1304 1131
932 1262 995 1322 sqq.
1018 1244 1120 1303 versui

105 1325 193 1391 1126
218 1327 344 1409 subieci,
367 1330 439 1388 item
462 1348 582 1391 versum
606 1328 692 1392 1342
715 1334 816 1392 versui
840 1329 934 1393 1343.
979 1333 1011 1391 16
1035 1338 1117 1390 sexto

105 1416 234 1495 denique
253 1415 329 1476 libro
347 1435 391 1476 vv.
409 1414 473 1479 366
493 1436 536 1496 sq.
556 1426 623 1479 ante
643 1439 667 1479 v.
687 1417 751 1482 365
774 1419 923 1500 collocavi,
941 1415 1117 1481 400-403

103 1512 173 1585 post
196 1500 271 1584 405,
296 1501 357 1566 781
383 1522 426 1583 sq.
450 1513 516 1566 ante
541 1505 603 1568 777
627 1510 722 1585 posui.

194 1590 316 1652 Praeter
342 1594 440 1652 omnia
467 1611 537 1653 vero
564 1595 709 1676 remedia,
736 1613 810 1673 quae
834 1594 870 1654 ad
893 1594 957 1654 loca
980 1601 1119 1672 corrupta

105 1679 235 1741 sananda
262 1679 452 1759 adhibentur,
479 1681 510 1741 id
536 1700 630 1760 genus
657 1684 689 1741 in
717 1683 863 1743 cotidiano
891 1700 949 1741 usu
975 1688 1118 1761 versatur,

106 1768 186 1848 quod
214 1776 261 1829 est
289 1770 320 1827 in
347 1767 455 1829 litteris
477 1769 635 1848 verbisque
658 1771 819 1830 mutandis:
845 1770 882 1829 de
906 1787 964 1847 quo
986 1767 1079 1828 multa
1101 1787 1118 1828 a

104 1875 155 1917 me
174 1855 234 1916 dici
253 1874 327 1935 opus
351 1875 410 1917 non
434 1863 487 1918 est.
529 1864 645 1918 constat
662 1860 742 1917 enim
761 1860 840 1918 inter
858 1875 960 1917 omnes
984 1858 1036 1934 qui
1057 1874 1118 1917 non

105 1951 158 2006 aut
184 1946 253 2004 vani
285 1951 335 2004 aut
361 1948 514 2006 temerarii
542 1952 624 2026 sunt,
652 1964 710 2025 quo
738 1945 877 2006 meliores
905 1945 1022 2005 codices
1050 1947 1119 2024 sint,

106 2052 144 2093 ex
168 2031 275 2110 quibus
297 2040 396 2093 textus
415 2034 576 2115 hauriatur,
596 2052 631 2094 eo
651 2033 809 2094 artioribus
828 2033 937 2094 finibus
959 2032 1117 2094 verborum

104 2121 316 2181 mutandorum
339 2120 488 2181 licentiam
511 2122 719 2182 continendam
741 2140 814 2182 esse.
852 2129 939 2199 atque
957 2120 1119 2181 Leidenses

106 2211 134 2269 si
160 2207 254 2268 bonos
280 2208 398 2269 codices
421 2210 520 2269 dicere
543 2227 603 2270 non
627 2211 748 2290 audeas,
769 2209 839 2270 mali
863 2217 943 2270 certe
966 2227 1026 2269 non
1049 2216 1119 2269 sunt

105 2296 241 2357 vocandi.
295 2297 395 2375 itaque
432 2298 578 2357 eiusmodi
614 2316 677 2379 res,
710 2317 784 2376 quae
815 2299 888 2357 ferri
918 2296 998 2356 nullo
1031 2296 1118 2356 medo

104 2387 236 2464 possint,
264 2402 330 2445 cum
363 2387 394 2444 in
424 2384 490 2445 aliis
519 2388 658 2446 carminis
690 2384 825 2465 partibus
856 2384 957 2464 plures
989 2385 1021 2443 in
1053 2383 1119 2443 aliis

104 2476 263 2552 pauciores
290 2474 491 2553 inveniantur,
518 2475 688 2534 universam
711 2473 829 2534 illorum
856 2473 991 2532 codicum
1017 2472 1118 2532 condi·

105 2563 224 2622 cionem
243 2562 269 2620 si
288 2568 464 2641 spectamus,
482 2579 542 2621 non
560 2565 650 2623 nimis
668 2561 777 2622 multae
797 2568 874 2621 sunt.
913 2559 1002 2620 habet
1020 2567 1119 2621 autem

105 2651 253 2709 correctio
281 2651 313 2708 in
342 2650 385 2709 eis
414 2649 523 2730 locum,
547 2668 622 2728 quae
651 2657 701 2710 aut
727 2651 836 2710 mutari
860 2666 982 2709 necesse
1007 2650 1046 2708 sit
1068 2654 1120 2708 aut

105 2755 182 2816 quae
201 2737 347 2797 eiusmodi
368 2739 437 2818 sint,
459 2745 493 2798 ut
512 2737 664 2798 lenissima
685 2739 848 2799 mutatione
872 2755 909 2797 ex
932 2738 975 2796 eis
998 2736 1029 2795 id
1052 2735 1119 2796 red-

105 2825 203 2906 datur,
227 2825 305 2904 quod
329 2831 358 2885 et
379 2844 435 2905 per
457 2842 490 2886 se
513 2825 619 2887 melius
644 2827 683 2885 sit
705 2833 735 2886 et
752 2832 857 2904 poetae
876 2826 995 2902 ingenio
1015 2831 1044 2884 et
1062 2825 1120 2884 arti

104 2915 201 2992 magis
230 2915 416 2974 conveniens.
462 2914 518 2974 hoc
546 2916 637 2992 igitur
664 2913 710 2974 vel
736 2915 863 2974 maxime
891 2912 1043 2973 vitandum
1066 2918 1121 2992 est,

104 3020 143 3062 ne
167 3019 227 3061 una
250 3003 421 3062 mutationis
445 3001 585 3062 facilitate
605 3002 718 3062 inducti
737 3001 773 3062 ad
792 3003 978 3062 coniecturas
997 2999 1120 3059 descen-

105 3089 219 3150 damus.
253 3107 349 3168 neque
368 3092 467 3150 minus
486 3090 646 3150 videndum
665 3096 719 3170 est,
738 3107 785 3169 ne,
804 3089 936 3149 simodo
956 3088 1120 3148 sententiae

105 3180 179 3238 satis
198 3179 257 3258 liat,
276 3178 414 3237 licentius
433 3196 602 3256 grassemur
619 3177 686 3256 plus
707 3176 831 3256 singulis
847 3177 894 3237 vel
907 3176 985 3237 binis
1001 3174 1121 3255 syllabis

104 3273 156 3326 aut
178 3265 279 3327 verbis
302 3266 465 3326 mutandis:
489 3271 569 3327 certe
589 3265 675 3345 plura
693 3272 808 3326 mutare
827 3265 905 3326 haud
925 3266 986 3325 scio
1005 3283 1043 3324 an
1061 3282 1122 3325 non

104 3353 194 3415 liceat
221 3356 280 3414 nisi
308 3355 339 3412 in
363 3353 436 3414 locis
460 3355 706 3434 corruptissimis,
734 3372 791 3432 quo
815 3356 846 3414 in
869 3372 978 3432 genere
1001 3355 1122 3413 omnino

105 3444 292 3503 correctione
323 3441 503 3503 abstinuisse
532 3441 640 3503 melius
668 3442 767 3503 fuerit.
819 3461 876 3521 qua
903 3440 955 3502 ubi
982 3440 1122 3519 abstinui,

105 3532 205 3591 crucis
229 3532 346 3608 signum
368 3532 464 3610 posui
