2438 3998
603 249 617 303 1
1089 247 1110 312 5

180 403 303 478 propter
325 402 485 476 egestatem
507 395 624 475 linguae
647 403 677 474 et
698 414 798 457 rerum
820 397 992 457 novitatem:

110 492 164 543 110
180 485 232 546 sed
254 492 305 546 tua
327 502 374 545 me
398 485 491 545 virtus
514 491 613 556 tamen
636 492 667 546 et
689 476 804 563 sperato
826 483 958 563 voluptas
1072 497 1111 538 ιω

111 580 162 629 135
181 576 278 634 suavis
302 574 447 633 amicitiae
471 574 603 651 quemvis
627 572 731 633 efferre
753 571 883 634 laborem

182 662 286 722 suadet
307 668 338 721 ot
360 660 474 721 inducit
496 668 598 721 noctes
620 652 740 745 vigilare
763 667 896 742 serenas,

183 755 372 828 quaerentem
396 748 482 810 dictis
506 748 613 828 quibus
636 756 667 809 ot
689 767 746 828 quo
770 751 899 809 carmine
923 748 1040 829 demum

182 838 260 898 clara
283 845 350 899 tuae
372 839 483 916 possim
505 836 706 916 praepandere
729 835 839 897 lumina
861 839 966 918 menti,

111 932 163 983 145
180 919 229 987 res
253 925 360 1005 quibus
384 924 514 986 occultas
538 927 656 1004 penitus
680 927 831 986 convisere
853 922 987 1004 possisss
1073 936 1111 978 ιω

112 1019 163 1069 140
225 1013 309 1075 Hunc
332 1015 423 1092 igitur
444 1019 591 1089 terrorem
613 1015 704 1073 animi
725 1012 921 1097 tenebrasque
944 1016 1095 1073 necessest

181 1121 241 1164 non
264 1101 340 1163 radii
362 1099 433 1161 solis
455 1119 551 1179 neque
575 1098 671 1162 lucida
693 1099 750 1162 tela
774 1101 836 1174 diei

183 1191 354 1271 discutiant,
378 1189 430 1250 sed
453 1196 575 1249 naturae
598 1191 713 1269 species
735 1191 877 1268 ratioque.

182 1280 361 1358 principium
384 1279 469 1339 cuius
491 1277 560 1338 binc
583 1273 669 1338 nobis
692 1274 812 1338 exordia
835 1286 944 1359 sumet,

111 1367 291 1428 1501111111111
313 1384 376 1427 rem
400 1384 417 1426 e
439 1363 499 1425 nilo
522 1367 603 1444 gigni
626 1362 766 1427 divinitus
789 1385 936 1447 umquam.

113 1462 164 1510 145
183 1459 292 1534 quippe
314 1456 355 1515 ita
378 1453 503 1514 formido
526 1452 659 1515 mortalis
682 1457 814 1516 continet
836 1457 945 1535 omnis,

183 1544 260 1623 quod
274 1543 429 1634 Μὴ
451 1539 541 1602 terris
563 1543 629 1602 fieri
652 1541 791 1621 caeloque
814 1549 947 1623 tuentur,

183 1649 309 1710 quorum
332 1646 455 1710 operum
478 1648 581 1691 causas
600 1629 679 1691 nulla
701 1634 814 1690 ratione
837 1630 936 1691 ridere

183 1725 308 1800 possunt
330 1739 364 1780 ac
385 1720 451 1779 fieri
474 1718 572 1778 divino
595 1720 717 1779 numine
738 1723 850 1780 rentur.

111 1815 166 1865 155
183 1827 256 1887 quas
279 1807 316 1867 ob
339 1813 388 1868 res
410 1806 463 1868 ubi
484 1807 645 1868 viderimus
667 1805 710 1866 nil
732 1825 819 1887 posse
842 1808 937 1867 creari
1075 1819 1113 1861 ιω

113 1903 164 1951 150
183 1897 219 1957 de
242 1895 317 1977 nilo,
339 1902 402 1956 tum
425 1894 503 1974 quod
527 1897 678 1974 sequimur
699 1897 758 1954 iam
780 1897 891 1956 rectius
913 1895 981 1955 inde

183 1986 405 2064 perspiciemus,
428 1989 459 2044 et
480 1983 559 2044 unde
583 1989 671 2062 queat
692 2001 741 2043 res
765 2001 897 2063 quaeque
921 1985 1016 2043 creari

183 2081 214 2134 et
236 2089 294 2151 quo
318 2090 450 2150 quaeque
472 2070 559 2132 modo
582 2064 654 2131 flaui
676 2086 765 2150 opera
788 2073 852 2133 sine
875 2072 981 2132 divom.
1076 2084 1114 2126 us

227 2160 301 2221 Nam
324 2162 350 2220 si
373 2160 410 2220 de
432 2158 493 2220 nilo
516 2160 635 2241 fierent,
657 2178 693 2220 ex
716 2159 844 2220 omnibu'
866 2156 956 2221 rebus

114 2255 169 2306 160
186 2267 272 2309 omne
295 2266 388 2328 genus
411 2250 493 2308 nasci
514 2254 628 2329 posset,
650 2247 693 2307 nil
716 2251 827 2308 semine
850 2244 958 2327 egeret.
1075 2225 1115 2302 ἴω

114 2343 165 2394 155
185 2357 200 2398 e
223 2355 304 2397 mare
326 2338 455 2415 primurn
476 2336 625 2417 homines,
648 2355 663 2396 e
686 2342 765 2396 terra
787 2343 888 2417 posset
911 2335 983 2396 oriri

186 2415 404 2506 squamigerum
427 2442 520 2504 genus
543 2432 574 2485 et
594 2422 729 2484 volucres
752 2442 908 2503 erumpere
931 2422 1025 2506 caelo;

185 2519 318 2574 armenta
340 2519 427 2592 atque
450 2512 523 2573 aliae
546 2512 688 2593 pecudes,
711 2530 804 2591 genus
827 2530 913 2573 omne
936 2511 1077 2593 ferarum,

186 2602 299 2663 incerto
322 2608 408 2680 partu
425 2600 711 2689 &Elii-QQQ
728 2598 871 2660 tenerent.

114 2694 169 2746 165
184 2709 240 2751 nec
262 2688 377 2750 fructus
400 2689 479 2750 idem
502 2687 656 2750 arboribus
679 2685 813 2748 constare
836 2687 979 2770 solerent,
1078 2701 1115 2743 scs

116 2784 167 2834 150
186 2778 238 2839 sed
261 2784 459 2858 mutarentur,
482 2776 560 2838 ferre
583 2795 685 2837 omues
709 2778 811 2859 cmm-ia
827 2784 957 2855 possent.

187 2868 309 2947 quippe,
331 2864 384 2926 ubi
405 2859 465 2925 non
488 2857 588 2926 essent
611 2863 748 2944 genitalia
771 2882 893 2943 corpora
917 2867 1036 2946 cuique,

187 2956 238 3032 qui
260 2958 363 3034 posset
384 2959 478 3013 mater
499 2952 589 3013 rebus
613 2955 775 3013 consistere
798 2949 899 3013 certa?

186 3049 216 3102 at
237 3059 317 3102 nunc
339 3039 502 3101 seminibus
526 3043 593 3119 quia
617 3042 706 3101 certis
729 3058 862 3120 quaeque
885 3048 1034 3121 creantur,

116 3137 170 3187 170
185 3130 255 3190 inde
278 3131 428 3190 enascitur
449 3135 535 3208 atque
559 3136 625 3189 oras
648 3131 680 3189 in
702 3126 822 3189 luminis
845 3131 918 3211 exit,
1078 3143 1117 3184 111

117 3224 167 3273 155
186 3220 324 3278 materies
346 3217 399 3278 ubi
420 3218 498 3277 inest
520 3219 662 3296 cuiusque
686 3224 716 3277 ct
738 3234 860 3296 corpora
883 3219 990 3300 prima3

187 3313 274 3385 atque
296 3306 351 3367 hac
373 3323 406 3366 re
429 3301 580 3384 nequeumt
602 3324 638 3366 ex
661 3305 797 3366 omnibus
821 3324 837 3366 o
881 3308 921 3386 ,ia
941 3309 1034 3387 gigni,

187 3395 265 3474 quod
288 3395 378 3455 certis
400 3395 432 3454 in
455 3393 544 3454 rebus
567 3396 646 3455 inest
668 3401 782 3455 secreta
805 3324 935 3455 &aas

185 3489 338 3563 praeterea
361 3499 506 3543 currere
529 3500 639 3563 rosam,
663 3482 808 3544 frumenta
831 3482 940 3563 calore,

116 3578 170 3629 175
187 3589 257 3632 uvas
280 3578 419 3632 autumno
442 3570 526 3631 fundi
549 3570 689 3632 s'uadente
712 3571 859 3650 videmus,
1078 3582 1117 3623 1⁷⁵
