2438 3998
580 226 621 283 IV
1045 225 1108 292 109

173 374 251 434 unde
275 375 348 435 sciat
371 373 441 453 quid
464 375 503 434 sit
526 377 602 435 scire
625 382 656 435 et
677 377 793 436 nescire
816 376 960 456 vicissim,
1067 395 1108 437 aaa

173 465 308 522 notitiam
330 465 394 523 veri
416 481 490 541 quae
513 481 562 523 res
584 462 708 542 salsique
731 465 853 544 crearit,

102 567 155 618 400
174 558 204 611 00
226 550 348 611 dubium
372 557 453 611 certo
476 569 623 629 quaeres
646 551 765 612 differre
787 550 928 631 probarit.

102 654 158 706 476
173 641 306 699 invenies
328 640 433 718 primis
456 638 493 698 ab
516 638 653 699 sensibus
676 657 741 699 esse
764 646 892 700 creatam

174 729 308 787 notitiem
330 729 405 807 veri,
428 745 524 806 neque
547 745 653 788 sensus
675 744 762 807 posse
785 726 889 787 refelli.

173 833 241 875 nam
263 817 374 875 maiore
397 815 454 875 fide
477 814 566 875 debet
587 818 748 894 reperirier
769 814 854 895 illud,
1067 837 1107 878 eea

174 910 278 982 sponte
301 921 354 964 sua
376 905 454 963 veris
478 903 555 982 quod
578 905 673 983 possit
695 905 813 963 vincere
836 902 920 963 salsa:

102 991 244 1070 seuquid
267 994 377 1052 maiore
399 991 457 1051 fide
479 1009 568 1070 porro
593 1009 680 1070 quam
702 1009 807 1052 sensus
830 991 932 1052 haberi

101 1095 156 1146 481
173 1076 282 1140 debet?
318 1098 354 1140 an
377 1078 413 1138 ab
437 1097 527 1139 sensu
548 1079 621 1140 salso
644 1081 720 1140 ratio
744 1086 807 1141 orta
829 1079 937 1140 valebit

175 1168 273 1228 dicere
297 1185 348 1228 eos
371 1175 486 1248 contra,
509 1186 583 1247 quae
606 1174 667 1228 tota
689 1167 725 1228 ab
749 1168 885 1228 sensibus
908 1163 1025 1247 aptast?

174 1258 225 1334 qui
248 1258 307 1316 nisi
330 1263 400 1315 sunt
421 1258 496 1336 veri,
519 1258 594 1316 ratio
616 1274 733 1336 quoque
756 1255 829 1317 falsa
850 1257 884 1317 fit
907 1257 1011 1316 omnis.
1067 1276 1108 1318 saa

174 1363 211 1404 an
233 1351 373 1424 poterunt
395 1343 495 1404 oculos
519 1362 605 1405 aures
628 1344 860 1425 reprehendere,
882 1363 919 1404 an
943 1363 1029 1404 aures

102 1449 155 1499 470
173 1429 290 1493 tactus?
326 1450 363 1491 an
385 1431 464 1492 bunc
486 1450 575 1511 porro
597 1440 707 1494 tactum
730 1450 817 1512 sapor
840 1440 944 1512 arguet
965 1435 1039 1513 oris,

102 1536 158 1604 400
174 1539 211 1581 00
234 1520 426 1581 confutabunt
448 1538 535 1581 nares
557 1520 670 1582 oculive
693 1517 866 1582 revincent?

173 1627 245 1689 non,
268 1616 301 1669 ut
324 1610 441 1688 opinor,
464 1611 541 1669 itast.
577 1627 645 1669 nam
668 1627 802 1669 seorsum
825 1611 932 1688 cuique
956 1616 1086 1687 potestas

174 1698 308 1778 divisast,
332 1699 451 1756 suavis
475 1699 622 1777 cuiquest,
644 1696 770 1776 ideoque
792 1704 945 1757 necessest
1067 1720 1108 1760 aec

175 1793 204 1846 00
227 1784 304 1864 quod
327 1783 414 1845 molle
438 1786 476 1844 sit
499 1793 529 1844 et
550 1784 679 1862 gelidum
701 1785 854 1846 fervensve
878 1803 1012 1845 seorsum

103 1890 154 1939 475
173 1880 205 1933 et
227 1891 360 1933 seorsum
382 1875 479 1933 varios
501 1891 602 1932 rerum
624 1875 735 1934 sentire
759 1872 885 1954 colores,

103 1955 224 2043 4911100
247 1979 447 2041 quaecumque
471 1960 610 2021 coloribu’
633 1964 693 2022 sint
715 1964 871 2022 coniuncta
893 1957 1037 2041 011100οε11

174 2068 293 2110 seorsus
315 2051 387 2110 item
410 2067 498 2129 sapor
520 2052 580 2109 oris
603 2049 691 2111 habet
712 2052 785 2131 vim,
808 2068 927 2110 seorsus
950 2049 1056 2110 odores

172 2145 346 2218 nascuntur,
369 2155 486 2198 sorsum
509 2139 630 2199 sonitus.
666 2137 791 2217 ideoque
814 2145 965 2199 necessest
1065 2159 1105 2200 aas

173 2244 232 2285 non
255 2228 370 2304 possint
392 2225 465 2286 alios
487 2224 538 2286 alii
560 2228 734 2287 convincere
758 2244 871 2287 seusus.

101 2330 155 2380 480
173 2332 229 2374 neo
251 2332 339 2392 porro
362 2321 502 2393 poterunt
523 2316 582 2394 ipsi
604 2314 820 2394 reprehendere
844 2332 923 2394 sese,

102 2418 263 2479 49000000
286 2401 360 2462 fides
384 2404 522 2482 quoniam
544 2402 664 2463 debebit
686 2421 803 2483 semper
825 2402 936 2463 haberi.

172 2489 296 2569 proinde
316 2489 393 2568 quod
411 2493 443 2550 in
461 2498 607 2570 quoquest
624 2491 671 2550 bis
689 2492 785 2552 visum
802 2497 945 2572 tempore,
965 2499 1104 2552 verumst

131 2630 133 2632 .
173 2585 203 2638 et
226 2581 252 2638 si
274 2596 333 2638 non
355 2581 465 2657 poterit
487 2580 561 2639 ratio
584 2578 744 2639 dissolvere
767 2597 900 2658 causam,
1065 2601 1106 2642 mo

174 2685 227 2726 our
250 2684 381 2744 eaquae
404 2666 515 2726 luerint
537 2668 642 2727 iuxtim
665 2667 818 2748 quadrata,
840 2666 944 2746 procul
967 2669 1027 2727 sint

101 2756 234 2820 0050100
256 2753 396 2834 rutunda,
418 2761 517 2815 tamen
539 2761 669 2834 praestat
689 2756 814 2815 rationis
836 2761 972 2832 egentem

102 2858 157 2908 501
173 2842 298 2902 reddere
320 2841 460 2903 mendose
484 2861 586 2903 causas
608 2845 763 2922 utriusque
786 2843 910 2923 figurae,

173 2948 260 3009 quam
282 2929 417 2990 manibus
440 2930 595 2991 manifesta
617 2933 679 2991 suis
703 2933 838 2991 emittere
862 2948 1009 3010 quoquam

172 3025 204 3078 00
224 3017 333 3079 violare
356 3017 445 3078 fidem
466 3021 592 3098 primam
615 3026 645 3080 ct
666 3018 831 3080 convellere
853 3025 914 3080 tota
1068 3042 1107 3083 eoa

172 3107 360 3167 fundamenta
383 3106 491 3185 quibus
513 3109 638 3168 nixatur*
653 3109 712 3168 vita
733 3107 879 3187 salusque.

100 3211 153 3260 490
172 3213 231 3255 non
253 3196 340 3256 modo
362 3197 442 3255 enim
465 3197 539 3255 ratio
562 3203 629 3256 ruat
651 3198 760 3277 omnis,
782 3198 841 3256 vita
865 3213 981 3275 quoque
1005 3197 1069 3275 ipsa

101 3299 157 3349 506
173 3283 307 3344 concidat
330 3282 490 3364 extemplo,
512 3285 572 3343 nisi
593 3283 715 3345 credere
739 3283 875 3346 sensibus
899 3286 993 3364 ausis,

597 3390 615 3430 ,¹
968 3392 970 3396 .

170 3461 399 3540 praecipitisque
422 3460 502 3521 locos
526 3462 617 3521 vitare
640 3467 670 3521 et
693 3467 791 3521 cetera
813 3478 888 3539 quae
911 3463 970 3521 sint

171 3550 202 3607 10
225 3565 334 3627 genere
356 3548 412 3610 hoc
434 3548 585 3630 fugienda,
609 3551 695 3629 sequi
718 3551 864 3610 contraria
887 3566 962 3630 quae
985 3551 1107 3613 sintne
