2438 3998
131 191 269 253 LXXVIII
493 189 776 256 Poonnnonfflrte.

132 336 271 410 molisii.
294 335 441 408 moctcdo’
459 339 524 411 torn
545 335 669 418 mopere
686 341 816 418 pessime
834 337 887 399 Mr.
903 370 945 382 —
960 335 1026 400 484
1043 331 1145 422 (huod
1193 360 1196 363 ·

131 426 278 497 mrowotst
296 421 339 511 si)
358 461 395 470 —
416 425 581 507 coporeum
600 424 663 487 Lm.
691 445 716 486 ι.
742 434 898 502 comment.
927 425 1027 487 B.Mr.:
1058 442 1141 505 cope-

131 514 220 583 riant
245 514 303 588 00.
330 513 416 594 uulgo
446 522 513 587 ante
545 513 607 575 Lm.
631 548 674 558 -
701 511 766 577 502
798 514 944 578 datoris
975 511 1143 579 demittere

132 604 173 687 B,
197 604 275 684 quod
298 601 392 683 probo
415 610 448 673 ut
475 602 797 682 simplicissimum-
811 601 926 667 viventi
941 623 978 666 ex
996 601 1044 678 oio
1058 601 1144 678 nercte'

132 711 158 754 v.
177 690 241 755 503
266 690 324 764 00.
348 725 390 735 -
413 689 553 755 canentia
574 689 636 753 Lm.
658 707 796 764 umorem
817 690 870 752 Mr.
893 723 936 735 -
960 686 1025 754 512
1052 693 1143 771 etque

132 787 267 845 teme
289 777 345 844 cido
358 775 487 861 pictoriae
509 781 692 845 mosomum
707 777 770 841 Lm.
793 776 985 842 ot'retineret
1000 776 1056 855 dio
1073 778 1142 860 00.,

133 871 219 931 cuius
246 875 397 930 corrector
424 871 562 948 antiquus
590 865 780 933 eatretinere
806 865 869 932 dte.
906 870 996 947 otqoe
1017 885 1143 936 monere

132 956 174 1040 B,
197 957 276 1036 quod
299 975 404 1019 vereor
425 964 458 1018 ut
480 956 604 1018 latinum
626 958 674 1018 sit.
692 989 735 1000 ·—
754 953 820 1019 520
841 972 985 1020 sursum
1007 958 1144 1018 crescunt

132 1061 334 1127 sarnumque
369 1046 512 1108 medetur
543 1043 602 1117 00.
640 1052 798 1126 postquam
827 1043 947 1106 Vahlen.
980 1045 1039 1106 ind.
1074 1045 1141 1106 lect.

133 1133 228 1197 Berol.
263 1132 347 1198 1881
382 1132 450 1215 p.8
486 1133 544 1193 hoc
574 1149 701 1196 sermm
731 1141 812 1195 recte
844 1136 1054 1213 interpretatus
1087 1141 1142 1214 est,

132 1225 265 1284 virorum
287 1222 442 1283 doctorum
465 1223 651 1283 coniecturas
673 1220 723 1282 hic
741 1221 841 1283 afferri
859 1240 933 1301 opus
950 1240 1011 1283 non
1030 1229 1084 1285 est.
1097 1255 1141 1265 -

133 1307 198 1374 524
216 1317 254 1375 et
267 1327 356 1373 moro
373 1355 380 1371 .
395 1355 403 1370 .
421 1305 535 1372 emito:
557 1327 611 1371 cur
629 1308 802 1371 secluserim
821 1328 846 1371 ι.
864 1328 892 1391 p.
906 1309 1017 1371 xxvii
1049 1308 1142 1372 Lach-

133 1417 259 1460 mannus
286 1398 323 1459 ad
345 1416 370 1458 v.
386 1395 449 1460 608
459 1415 522 1477 sqq.
549 1396 598 1469 hic
626 1415 743 1477 quoque
770 1397 871 1460 ridere
899 1397 957 1458 sibi
988 1400 1069 1475 visus
1097 1406 1143 1459 est

133 1489 252 1566 signum
275 1504 312 1548 ex
330 1503 389 1567 quo
408 1482 563 1567 appareret
579 1483 719 1547 Lucretio
738 1504 812 1566 opus
831 1487 974 1568 perticere
993 1505 1053 1549 non
1072 1505 1142 1548 con·

133 1576 245 1655 tigisse.
286 1573 343 1648 olio
370 1581 469 1645 tannen
498 1573 610 1647 ducunt
631 1574 755 1654 vestigia
785 1593 860 1654 quae
887 1593 1001 1636 summa
1030 1578 1142 1654 sagaci-

133 1671 193 1725 tate
212 1665 332 1726 invenit.
361 1670 443 1727 recte
467 1664 546 1724 enim
567 1670 669 1723 monet
690 1664 755 1744 ipse
772 1669 899 1745 poetam,
917 1682 985 1725 cum
1005 1662 1141 1725 versibus

135 1750 178 1815 83
202 1759 233 1813 et
255 1749 298 1815 84
321 1751 395 1820 nihil
417 1752 476 1821 nisi
499 1745 644 1833 μετέωρα
665 1752 860 1832 promisisset,
882 1759 982 1813 tamen
1003 1751 1051 1812 his
1074 1770 1141 1831 per-

134 1842 267 1902 tractatis
290 1839 363 1901 nihil
385 1839 549 1920 praefatum
572 1839 609 1901 ad
631 1840 785 1902 terrestria
807 1842 942 1901 transire.
977 1839 1048 1919 quid
1071 1858 1142 1901 vero

134 1928 204 1993 inde
218 1924 375 2006 sequitur?
392 1927 457 2008 hoc,
472 1929 586 2010 opinor,
604 1935 638 1988 ut
651 1927 742 1989 altera
760 1927 903 2007 quaedam
917 1928 1060 2009 praefatio
1074 1936 1143 2009 post

135 2012 199 2078 527
211 2008 305 2099 (534)
316 2013 515 2077 desideretur:
529 2032 617 2094 quam
627 2017 747 2076 omnino
757 2016 896 2096 scriptam
907 2035 966 2077 non
976 2017 1142 2078 turisse'veri

135 2121 195 2171 non
209 2110 255 2164 est
269 2102 378 2164 simile:
397 2101 572 2170 exciderunt
585 2103 678 2180 igitur
691 2102 734 2164 ibi
746 2122 859 2171 versus.
886 2105 965 2184 quod
979 2123 1039 2166 non
1051 2106 1142 2167 citius

135 2193 322 2272 cognoveris,
345 2207 433 2270 quam
456 2188 565 2251 videris
584 2208 651 2251 eum
670 2190 781 2274 locum,
803 2210 891 2272 quem
909 2192 971 2254 Lm.
990 2200 1058 2275 post
1076 2190 1140 2255 607

135 2273 237 2365 (Lm),
258 2279 311 2342 ubi
328 2281 360 2340 in
378 2276 558 2340 membranis
580 2284 668 2360 extat,
690 2287 838 2342 retentum
861 2281 991 2362 seclusit,
1014 2300 1057 2342 rr.
1076 2278 1141 2344 608

136 2367 253 2451 -638,
276 2375 343 2429 ante
362 2362 427 2429 535
450 2366 703 2447 transponendum
724 2386 801 2450 esse,
823 2368 875 2431 ubi
897 2371 1063 2432 rectissime
1081 2371 1141 2429 iam

135 2476 166 2520 se
189 2456 278 2527 hahet
300 2455 371 2516 illud
388 2451 556 2536 princr‘pno.
584 2473 648 2517 rem
665 2459 818 2537 perspexit
839 2456 989 2536 Kaunong.
1012 2457 1030 2518 l.
1053 2476 1078 2518 c.
1098 2489 1141 2500 —

134 2543 199 2608 552
229 2542 421 2608 mordaciori
448 2536 564 2629 (tellus)
597 2543 666 2607 oris
695 2541 807 2621 mon,
842 2542 977 2626 ondipm
1005 2543 1141 2627 dapne:

135 2649 263 2696 ..oros
289 2630 445 2701 morr‘s..
472 2629 679 2712 cinpocsOQ.
706 2632 838 2693 edd-
865 2630 1142 2696 dructemirus

133 2716 288 2790 mortim
307 2736 374 2784 reo
392 2713 504 2805 (Bkm.)
526 2721 563 2782 ot
583 2715 659 2800 lopi'
680 2737 798 2800 conque
817 2717 887 2784 oioo'
903 2767 910 2782 .
925 2741 946 2782 .:
972 2717 1143 2785 edoces

133 2807 247 2890 depuis
270 2826 389 2889 ‚conque
414 2805 478 2872 nim
509 2806 568 2878 OQ.
612 2803 762 2884 morat,
791 2811 820 2871 et
842 2805 896 2872 obi
922 2805 1000 2889 topi’
1026 2826 1143 2891 oroque

132 2894 199 2961 νέαι·
220 2895 284 2959 Lm.
305 2897 338 2958 B.
369 2898 405 2959 ut
427 2892 550 2975 soropu’
573 2940 607 2956 ..
632 2894 684 2957 Mr.
708 2930 751 2940 -
774 2895 838 2960 587
867 2895 1050 2962 minantur
1071 2915 1143 2974 eon

133 2985 201 3055 dem
231 2986 280 3050 dra
303 2983 432 3066 prodito
456 2986 581 3067 partem
612 2981 701 3045 Goeh.
734 2993 846 3064 quaest.
877 3006 905 3066 p.
929 2985 985 3049 27:
1024 2983 1144 3050 minent

132 3073 168 3137 c'o
195 3072 323 3138 eaodem
344 3073 402 3146 00.
429 3074 535 3136 mant
554 3070 627 3153 Lm,
656 3091 713 3153 quo
741 3091 802 3137 non
828 3073 944 3136 felicius
966 3075 998 3136 B.
1023 3071 1142 3152 odeum,

132 3163 185 3224 Mr.
213 3164 336 3225 omont.
363 3195 405 3206 -
435 3158 500 3224 598
528 3157 639 3240 recipit
656 3157 809 3242 prolapso
830 3177 909 3236 ,soca
935 3160 971 3224 c‘o
995 3161 1143 3244 pondera

132 3249 216 3314 sedes
242 3250 275 3323 0.
303 3249 365 3318 Lm.
392 3249 424 3313 B.
473 3248 549 3310 maie
576 3246 629 3310 Mr.
657 3267 693 3312 ex
720 3250 812 3312 altero
839 3250 979 3313 Leidensi
1005 3249 1042 3314 iro
1063 3267 1142 3333 port-

131 3339 213 3421 dene,
241 3340 277 3409 ci.
300 3338 418 3401 Lachm.
445 3344 601 3399 comment.
628 3370 674 3382 -
701 3336 875 3413 601-608
904 3339 939 3401 de
968 3339 1141 3412 anacolutho

132 3449 157 3492 v.
180 3448 208 3510 p.
226 3427 301 3490 XXI.
324 3460 369 3472 -
391 3422 455 3489 656
477 3423 556 3496 sotis
577 3422 651 3488 doec
677 3421 764 3490 telius
790 3423 960 3490 nobis...
983 3424 1145 3508 matifart

131 3517 245 3581 Marult.
263 3516 295 3581 B.
314 3515 366 3578 Mr.
389 3510 488 3586 morbi
506 3513 564 3585 OQ.
588 3510 655 3577 orbi
676 3513 738 3576 Lm.
756 3549 802 3560 —
821 3514 885 3579 666
896 3535 959 3596 sqq.
984 3513 1031 3579 ‘ot
1045 3515 1143 3579 nimos
