2438 3998
593 238 618 294 V
1043 236 1107 303 159

192 403 248 446 nec
270 392 368 445 tamen
392 386 567 447 omnimodis
590 393 706 465 poterat
728 386 884 448 concordia
907 388 1000 466 gigni,

194 473 246 534 sed
268 473 345 533 bona
368 491 531 552 magnaque
553 492 622 552 pars
647 474 780 536 servabat
802 475 921 535 foedera
944 481 1108 536 castet1oso

193 569 244 622 aut
265 580 359 640 genus
377 562 538 622 humanum
556 564 615 622 iam
632 570 696 622 tum
714 563 790 623 10101
809 581 894 623 omne
913 569 1109 644 peremptum,

102 657 180 708 1025
192 669 247 710 nec
269 652 415 729 potuisset
437 650 531 710 adhuc
553 650 716 729 perducere
741 651 835 712 saecla
857 669 996 731 propago.

103 754 174 804 1010
237 739 273 798 At
295 740 392 799 varios
414 736 531 818 linguae
555 740 669 800 sonitus
693 746 797 800 natura
820 739 937 817 subegit

193 829 324 907 mittere,
347 834 377 886 et
399 827 511 887 utilitas
534 829 681 907 expressit
702 830 822 888 nomina
844 845 958 908 rerum,

193 933 253 976 non
275 915 331 975 alia
353 914 439 993 longe
462 917 577 976 ratione
600 922 686 994 atquc
710 918 773 995 ipsa
796 916 912 976 videtur
1056 938 1110 979 coco

192 1003 365 1084 protrahere
388 1003 424 1063 ad
447 1010 562 1081 gestum
585 1022 694 1082 pueros
717 1004 839 1064 infantia
861 1003 991 1084 linguae,

103 1101 179 1152 1030
192 1111 260 1153 cum
282 1093 352 1152 lacit
374 1099 407 1152 ut
430 1091 521 1169 digito
544 1110 619 1171 quae
643 1094 702 1152 sint
723 1094 891 1172 praesentia
913 1099 1085 1153 monstrent.

105 1199 175 1248 1020
194 1182 284 1240 sentit
307 1182 386 1240 enim
409 1182 467 1239 rim
491 1181 616 1259 quisquc
640 1198 723 1241 suam
746 1180 842 1260 quoad
865 1183 960 1259 possit
981 1180 1070 1241 abuti.

194 1287 304 1330 cornua
326 1276 393 1328 nata
416 1270 499 1346 prius
521 1267 612 1328 vitulo
636 1286 724 1346 quam
746 1268 893 1345 frontibus
916 1276 1029 1350 extent,

194 1357 253 1418 illis
276 1359 368 1417 iratus
391 1358 466 1435 petit
489 1363 576 1435 atque
598 1357 723 1418 infestus
746 1359 872 1436 inurget.
1056 1361 1108 1420 mec

195 1453 224 1506 11
246 1444 334 1506 catuli
356 1445 565 1524 pantherarum
589 1447 760 1525 scymnique
783 1445 902 1506 leonum

105 1542 179 1593 1035
192 1533 341 1612 unguibus
368 1552 402 1593 ac
428 1532 553 1612 pedibus
582 1535 640 1592 iam
663 1541 725 1594 tum
748 1551 907 1613 morsuque
931 1540 1108 1614 repugnant,

106 1642 175 1690 1010
194 1625 242 1682 vix
265 1625 353 1682 etiam
376 1639 444 1681 cum
467 1628 537 1681 sunt
559 1620 662 1682 dentes
684 1640 857 1700 unguesque
880 1625 979 1682 creati.

194 1710 317 1771 alituum
338 1728 428 1789 porro
451 1726 544 1787 genus
568 1708 621 1770 alis
645 1727 730 1770 omne
754 1710 887 1770 videmus

194 1800 285 1859 fidere
309 1805 339 1858 et
362 1816 378 1857 a
401 1799 500 1878 pinnis
522 1797 682 1857 tremulum
704 1805 806 1877 petere
830 1798 1008 1859 auxiliatum.
1057 1822 1107 1862 1⁰40

194 1887 317 1966 proinde
340 1893 444 1965 putare
468 1885 596 1964 aliquem
617 1893 681 1946 tum
703 1889 822 1946 nomina
845 1886 1032 1947 distribuisse

103 1976 296 2056 1040101100,
319 1982 349 2035 et
370 1974 440 2034 inde
462 1974 597 2034 homines
620 1974 760 2035 didicisse
783 1974 922 2035 vocabula
944 1977 1052 2056 prima,

106 2081 176 2130 1030
195 2064 367 2142 desiperest.
405 2080 473 2122 nam
495 2080 548 2123 cur
570 2062 619 2122 hic
641 2070 743 2142 posset
765 2071 870 2123 cuncta
893 2070 995 2124 notare

193 2151 314 2212 vocibus
337 2158 367 2211 et
389 2153 485 2211 varios
509 2153 624 2211 sonitus
647 2153 781 2212 emittere
805 2151 936 2231 linguae,

193 2247 326 2319 tempore
350 2239 453 2301 eodem
472 2238 523 2299 alii
536 2239 633 2299 110010
647 2239 677 2299 id
692 2257 751 2299 non
765 2242 865 2318 quisse
879 2236 1042 2319 putentur?
1056 2261 1109 2302 rom

192 2335 345 2407 praeterea
368 2330 394 2388 si
416 2346 476 2388 nou
498 2327 548 2387 alii
570 2345 687 2406 quoquc
710 2328 832 2388 vocibus
855 2331 902 2388 usi

102 2425 177 2475 1045
195 2419 272 2477 inter
295 2435 327 2476 se
351 2416 480 2496 fuerant,
503 2416 582 2476 unde
605 2418 693 2476 insita
715 2418 836 2477 notities
858 2424 904 2476 est

104 2522 175 2571 1035
193 2504 329 2565 utilitatis
353 2511 383 2564 et
405 2504 483 2565 nude
507 2504 602 2565 datast
623 2504 692 2565 huic
715 2506 809 2583 prima
832 2511 975 2585 potestas,

195 2593 267 2671 quid
289 2592 378 2654 vellet
401 2593 497 2653 110010
520 2599 554 2653 ut
576 2595 667 2652 sciret
689 2595 846 2671 animoque
868 2590 1003 2654 videret?

195 2699 300 2759 cogere
323 2683 396 2741 item
417 2680 511 2759 pluris
534 2699 611 2742 unus
634 2683 785 2759 victosque
808 2681 928 2741 domare
1056 2705 1109 2746 roco

194 2788 253 2829 nou
276 2776 405 2850 poterat,
427 2787 529 2829 1011101
551 2776 584 2829 01
606 2769 776 2848 perdiscere
799 2772 918 2829 nomina
940 2769 1054 2831 vellent.

103 2864 179 2914 1050
193 2875 248 2917 nec
271 2860 385 2918 ratione
409 2857 515 2918 docere
539 2857 599 2917 ulla
622 2857 806 2935 suadereque
830 2857 941 2938 surdis,

107 2962 179 3011 1040
198 2945 268 3024 quid
292 2948 331 3005 sit
353 2963 427 3026 opus
451 2946 536 3026 11010,
558 2945 685 3006 facilest:
708 2963 804 3024 neque
827 2947 907 3004 enim
929 2953 1108 3027 paterentur,

193 3052 248 3094 uec
270 3037 385 3094 ratione
408 3032 467 3094 ulla
491 3033 548 3093 sihi
571 3034 683 3094 ferrent
705 3033 830 3113 amplius
854 3035 934 3094 auris

192 3124 273 3183 vocis
296 3123 444 3184 inauditos
468 3124 582 3182 sonitus
605 3120 768 3182 obtundere
792 3122 909 3182 frustra.
1056 3145 1108 3186 1011

192 3217 343 3290 postremo
367 3211 437 3291 quid
460 3213 492 3270 in
514 3210 568 3270 hac
591 3208 726 3271 mirabile
748 3217 931 3288 tantoperest
952 3229 999 3292 10,

103 3305 178 3357 1055
193 3301 219 3359 01
241 3317 335 3378 genus
357 3299 531 3379 humanum,
555 3301 603 3359 cui
625 3316 681 3358 101
705 3305 735 3358 01
755 3297 857 3377 lingua
878 3301 1003 3380 vigeret,

102 3403 173 3453 1040
192 3406 247 3466 pro
270 3390 352 3448 vario
375 3406 465 3449 sensu
489 3389 639 3448 raderes
662 3405 733 3447 voce
756 3383 889 3447 notavit?

192 3494 259 3537 cum
282 3475 413 3554 pecudes
435 3484 546 3556 mutae,
569 3493 637 3536 cum
660 3475 788 3553 denique
812 3474 907 3535 saecla
931 3475 1059 3535 ferarum

192 3563 346 3625 dissimilis
370 3563 482 3625 soleant
504 3581 591 3624 voces
614 3565 767 3643 variasque
791 3565 883 3644 01010,
1057 3587 1109 3626 roeo
