2438 3998
160 224 226 291 184
641 219 682 274 VI

230 378 261 433 et
283 370 430 433 condensa
453 375 562 448 queant
584 381 725 447 apparere
749 374 787 428 et.
801 365 889 428 simul
911 367 976 446 ipso

155 476 212 528 4s0
231 461 342 520 vertice
365 458 402 518 de
424 459 534 518 montis
556 457 719 517 videantur
734 473 856 535 surgere
878 457 910 515 in
932 453 1072 515 aethram

231 564 299 608 nam
321 545 385 607 loca
408 545 537 606 declarat
560 563 679 605 sursum
700 551 822 605 ventosa
843 551 944 622 patere

231 653 281 696 res
303 636 368 714 ipsa
390 641 421 694 et
443 651 562 714 sensus,
584 635 693 694 montis
716 650 784 692 cum
806 631 992 693 ascendimus
1015 629 1103 690 altos.

160 729 217 782 470
231 722 385 803 praeterea
408 722 553 802 permulta
575 724 650 782 mari
673 738 790 801 quoque
812 719 916 781 tollere
938 725 1001 779 toto
1131 739 1171 781 uo

233 828 356 891 corpora
378 819 513 872 naturam
536 809 684 871 declarant
705 809 791 870 litore
814 816 911 869 vestes

161 915 214 966 405
233 917 406 980 suspensae,
430 917 497 961 eum
520 899 691 976 concipiunt
712 898 824 957 umoris
848 896 1014 957 adhaesum.

233 1006 292 1067 qno
314 989 408 1066 magis
431 987 467 1047 ad
489 986 577 1047 nubis
600 985 748 1064 augendas
770 984 862 1046 multa
883 985 1021 1046 videntur

232 1094 319 1156 posse
343 1093 460 1155 quoque
483 1093 499 1136 e
523 1073 600 1135 salso
623 1091 801 1152 consurgere
823 1075 952 1134 momine
974 1075 1072 1152 pontia

162 1171 217 1224 475
232 1183 300 1226 nam
322 1166 397 1225 ratio
421 1164 665 1242 consanguineast
687 1161 840 1223 umoribus
863 1161 937 1222 ollis,
1133 1185 1172 1226 aas

233 1258 386 1332 praeterea
408 1251 505 1312 fluviis
528 1269 565 1311 ex
588 1249 724 1310 omnibus
739 1257 778 1311 et
801 1250 889 1310 simul
911 1252 976 1328 ipsa

162 1358 216 1408 470
234 1358 356 1419 surgere
379 1340 415 1400 de
438 1346 518 1401 terra
541 1337 663 1400 nebulas
686 1345 859 1416 aestumque
881 1338 1028 1420 videmus,
1082 1376 1088 1386 ·

235 1446 309 1507 quae
336 1425 416 1488 velut
439 1427 547 1487 halitus
570 1426 640 1487 hinc
662 1429 703 1487 ita
726 1445 844 1487 sursum
868 1444 1007 1505 expressa
1030 1427 1171 1489 feruntur

235 1515 465 1593 suffunduntque
488 1533 542 1577 sua
564 1514 677 1576 caelum
701 1515 824 1594 caligine
848 1522 877 1575 et
900 1515 972 1575 altas

163 1613 220 1664 480
234 1605 385 1666 sufficiunt
406 1603 494 1664 nubis
516 1603 656 1682 paulatim
679 1603 896 1664 conveniundo:
1132 1628 1172 1668 ceo

234 1700 321 1772 urget
343 1695 428 1752 enim
445 1710 562 1770 quoque
585 1692 720 1770 signiferi
737 1709 833 1770 super
855 1692 982 1752 aetheris
1005 1699 1108 1754 aestus

160 1799 216 1849 ,470
235 1789 266 1842 et
288 1783 373 1859 quasi
395 1779 544 1840 densendo
568 1778 697 1840 subtexit
720 1779 836 1840 caerula
858 1779 975 1840 nimbis.

235 1871 269 1930 iit
295 1886 411 1948 quoque
438 1875 472 1930 nt
497 1868 556 1929 huc
578 1870 697 1929 veniant
719 1870 750 1928 in
772 1868 887 1929 caelum
909 1870 1096 1930 extrinsecus
1121 1870 1170 1931 illa

236 1975 360 2036 corpora
382 1975 457 2036 quae
480 1956 591 2017 iaciunt
612 1956 700 2017 nubis
723 1956 898 2035 nimbosque
920 1955 1058 2018 volantis:

164 2053 219 2104 405
238 2044 483 2107 innumerabilem
497 2046 576 2105 enim
590 2063 746 2105 numerum
761 2063 962 2124 summamque
975 2047 1119 2124 profundi
1131 2070 1171 2110 cae

236 2152 302 2195 esse
325 2134 470 2193 infinitam
492 2132 592 2213 docui,
615 2140 781 2211 quantaque
803 2133 935 2194 volarent

165 2239 218 2290 480
236 2239 360 2300 corpora
381 2218 544 2281 mobilitate
567 2221 684 2282 ostendi
708 2239 853 2300 quamque
876 2229 998 2300 repente

235 2308 468 2370 immemorabile
484 2325 545 2387 per
567 2312 694 2388 spatium
715 2311 844 2370 transire
866 2308 1003 2370 solerent

236 2397 307 2457 haut
329 2399 420 2475 igitur
442 2399 593 2477 mirumst,
616 2399 642 2457 si
664 2416 752 2476 parvo
775 2405 907 2477 tempore
931 2416 1017 2476 saepe

164 2494 220 2545 490
235 2491 296 2546 tam
318 2487 432 2564 magnis
455 2484 564 2545 nimbis
586 2491 746 2563 tempestas
769 2493 855 2565 atque
878 2485 1016 2546 tenebrae
1132 2511 1172 2551 mo

237 2575 392 2653 coperiunt
413 2576 505 2633 maria
528 2591 562 2633 ac
583 2580 679 2633 terras
702 2575 826 2652 inpensa
849 2593 989 2655 superne,

164 2678 218 2728 485
237 2662 367 2740 undique
391 2660 628 2740 quandoquidem
650 2679 705 2739 per
727 2662 825 2722 caulas
848 2662 976 2723 aetheris
999 2665 1098 2724 omnis

236 2757 267 2810 et
289 2751 374 2828 quasi
395 2767 450 2828 per
471 2751 569 2827 magni
593 2751 706 2809 circum
729 2749 874 2828 spiracula
896 2751 999 2811 mundi

236 2841 333 2899 exitus
355 2838 552 2914 introitusque
576 2835 730 2898 elementis
752 2838 886 2899 redditus
909 2845 995 2899 extat.

165 2934 219 2986 495
280 2925 365 2986 Nunc
387 2942 453 3006 age,
477 2941 534 3002 quo
557 2932 642 3002 pacto
665 2925 783 3004 plurius
806 2934 976 2987 concrescat
998 2929 1030 2988 in
1048 2927 1118 2989 altis
1131 2950 1172 2991 css

236 3012 365 3074 nubibus
387 3030 486 3092 umor,
509 3019 539 3072 et
561 3013 592 3072 in
614 3019 710 3074 terras
733 3015 880 3075 demissus
902 3022 936 3076 ut
958 3014 1053 3075 imber

165 3118 218 3168 490
237 3101 366 3180 decidat,
390 3100 551 3179 expediam.
587 3102 716 3179 primum
739 3104 798 3163 iam
821 3104 933 3164 semina
955 3105 1042 3182 aquai

236 3189 327 3249 multa
350 3188 438 3248 simul
460 3189 575 3248 vincam
598 3207 777 3269 consurgere
800 3190 928 3253 nubibus
950 3193 1024 3270 ipsis

237 3275 374 3337 omnibus
398 3296 434 3337 ex
456 3275 558 3357 rebus,
584 3280 753 3358 pariterque
776 3280 817 3339 ita
839 3298 973 3341 crescere
996 3286 1173 3363 utrumqne,

166 3373 223 3425 500
238 3372 269 3425 et
290 3363 387 3444 nubis,
411 3371 441 3424 et
463 3382 577 3445 aquam,
601 3384 802 3445 quaecumque
825 3369 857 3427 in
879 3367 1008 3429 nubibus
1029 3374 1118 3450 extat,
1133 3391 1175 3433 eoo

235 3458 270 3514 nt
291 3453 402 3531 pariter
424 3451 511 3514 nobis
534 3471 641 3533 corpus
665 3472 732 3515 cum
755 3457 896 3534 sangnine
921 3458 1040 3536 crescit,

164 3557 218 3608 400
238 3541 327 3602 sudor
345 3542 425 3622 item,
445 3548 531 3620 atque
550 3560 636 3603 umor
655 3544 861 3622 quicumquest
878 3544 1005 3623 denique
1019 3544 1174 3610 membris,
