2438 3998
579 229 618 284 IV
677 286 687 295 ,
1043 226 1108 293 123
1145 280 1150 291 .

187 396 248 440 000
269 374 406 438 homines
429 376 525 438 solum
547 376 601 438 sed
624 396 694 439 vero
717 377 853 440 animalia
875 385 989 441 cuncta.

188 469 298 546 quippe
324 465 439 527 videbis
467 483 559 544 equos
582 466 681 547 sortis,
709 484 776 527 cum
801 466 935 528 membra
957 465 1109 547 iacebunt,

114 570 171 622 985
187 557 219 616 iu
242 557 355 616 somnis
378 553 485 614 sudare
508 560 607 614 tamen
630 557 803 634 spirareque
827 573 945 634 semper

115 660 169 711 010
187 650 217 704 01
240 645 325 723 quasi
348 642 384 703 de
406 641 503 722 palma
526 660 656 703 summas
680 642 859 705 contendere
883 645 955 704 viris

188 739 237 793 aut
260 734 345 812 quasi
368 729 537 792 carceribus
559 732 713 810 patefactis
737 777 957 793 .....
1069 753 1109 794 ooo

188 828 404 899 venantumque
428 836 515 880 canes
538 821 570 879 in
592 819 674 880 molli
696 837 783 899 saepe
807 822 906 899 quiete
1069 841 1109 882 ooo

187 911 297 970 iactant
319 925 406 969 crura
427 915 527 968 tamen
550 907 647 968 subito
670 911 810 993 vocisque
833 914 956 987 repento
1068 929 1107 971 011
1202 975 1204 981 ⁴

117 1013 172 1064 990
186 1001 308 1058 mittunt
329 1003 360 1057 ct
382 995 486 1057 crebro
510 994 678 1057 redducunt
698 995 820 1057 naribus
844 1014 945 1077 auras,

116 1093 221 1151 91001
243 1087 366 1164 vestigia
389 1086 416 1145 si
438 1091 559 1145 teneant
580 1086 699 1145 iuventa
721 1085 864 1166 serarum,

188 1174 444 1253 expergefactique
468 1179 609 1234 secuntur
632 1174 731 1234 inania
753 1191 841 1253 saepe
1180 1236 1186 1243 ,

93 1261 97 1269 ’
188 1280 343 1323 cervorum
365 1259 536 1341 simulacra,
558 1261 643 1340 fugae
667 1263 752 1341 quasi
774 1260 874 1323 dedita
896 1267 1031 1342 cernant,
1067 1281 1108 1324 ooo
1181 1303 1183 1307 ψ

187 1350 282 1412 donec
305 1350 450 1411 discussis
471 1349 597 1410 redeunt
619 1348 771 1411 erroribus
794 1350 832 1411 ad
854 1368 896 1411 se.

117 1455 172 1506 995
186 1446 216 1499 at
239 1445 379 1500 consueta
401 1438 482 1498 domi
504 1437 669 1499 catulorum
691 1437 797 1499 blanda
818 1456 949 1517 propago

117 1543 170 1594 980
189 1528 337 1589 discutere
360 1533 390 1586 01
413 1544 521 1605 corpus
544 1525 580 1586 de
601 1533 680 1587 terra
703 1529 855 1607 corripere
877 1529 1001 1607 instant,
1068 1547 1108 1588 aas

188 1615 312 1696 proinde
336 1616 421 1694 quasi
443 1618 558 1693 ignotas
580 1615 671 1675 iacies
695 1622 781 1693 atque
806 1632 858 1675 ora
880 1622 1009 1676 tuantur.
1054 1637 1107 1677 roos

188 1712 219 1766 et
241 1723 299 1784 quo
323 1721 457 1782 quaeque
480 1704 573 1781 magis
596 1711 666 1763 sunt
687 1721 792 1782 aspera
815 1704 1022 1784 seminiorum,
1054 1723 1108 1765 aooo

188 1801 248 1854 tam
270 1795 364 1871 magis
387 1792 554 1852 insomnis
577 1790 679 1852 eadem
702 1792 815 1851 saevire
837 1798 1005 1852 necessust:
1080 1798 1088 1807 ‘

101 1899 173 1949 1000
188 1889 217 1942 at
239 1884 335 1942 variae
359 1881 476 1959 tugiunt
498 1878 632 1940 volucres
653 1881 813 1958 pinnisque
836 1886 958 1958 repente

118 1986 170 2038 000
189 1970 348 2030 sollicitant
370 1968 468 2030 divom
490 1974 635 2030 nocturno
657 1974 790 2049 temporo
813 1966 909 2046 lucos,

189 2060 346 2137 accipitres
369 2074 473 2118 somno
496 2057 527 2116 in
551 2055 611 2116 leni
634 2057 660 2116 si
681 2054 794 2135 proelia
815 2074 929 2135 pugnas

189 2147 277 2208 edere
301 2153 370 2207 sunt
392 2150 594 2224 persectantes
616 2146 754 2223 visaeque
777 2143 917 2205 volantes.
1056 2167 1108 2208 roro

188 2253 278 2316 porro
301 2234 455 2295 hominum
478 2240 606 2313 mentes,
628 2235 743 2311 magnis
766 2235 817 2312 qui
840 2231 970 2293 motibus
994 2232 1085 2294 edunt

100 2340 174 2393 1005
187 2342 302 2405 magna,
324 2322 427 2383 itidem
451 2339 537 2401 saepe
561 2323 592 2381 in
614 2324 727 2382 somnis
746 2321 915 2400 iaciuntque
934 2328 1109 2402 geruntque‚
1151 2398 1153 2403 ἲ

119 2429 170 2480 ooo
189 2430 276 2491 reges
299 2417 480 2491 expugnant,
502 2411 672 2491 capiuntur,
694 2409 806 2489 proelia
828 2412 967 2490 miscent,

189 2501 298 2561 tollunt
320 2498 493 2579 clamorem,
516 2500 601 2577 quasi
623 2499 650 2558 si
672 2497 856 2578 iugulentur,
879 2495 997 2558 ibidem.

190 2588 277 2650 multi
299 2588 468 2667 depugnant
490 2588 676 2665 gemitusque
699 2585 849 2646 doloribus
874 2585 965 2646 edunt
1057 2606 1109 2649 1110

190 2684 232 2759 et,
256 2678 341 2757 quasi
362 2675 522 2755 pantherae
545 2692 647 2735 morsu
670 2676 784 2734 saevive
803 2673 897 2734 leonis

101 2782 174 2832 1010
189 2766 386 2845 0100100100·
400 2765 514 2841 magnis
537 2761 715 2824 clamoribus
738 2764 836 2822 omnia
860 2760 1016 2840 complent.

119 2871 172 2920 eoo
190 2854 276 2915 multi
298 2853 335 2914 de
357 2854 472 2930 magnis
494 2869 549 2930 per
571 2869 708 2911 somnum
730 2850 812 2911 rebu'
835 2849 1010 2931 loquuntur,

190 2944 359 3022 indicioque
382 2943 430 3001 sui
451 2939 521 3000 sacti
542 2957 684 3019 persaepe
708 2939 799 3000 suere.
994 3021 996 3023 ι

190 3030 276 3092 multi
298 3036 424 3091 mortem
447 3027 565 3089 obeunt.
601 3027 701 3108 multi,
724 3026 933 3088 dementibus
956 3026 1022 3087 altis
1058 3051 1111 3090 roro

189 3127 223 3180 ut
246 3121 298 3199 qui
319 3119 515 3198 praecipitant
537 3115 573 3176 ad
595 3122 719 3197 terram,
742 3133 865 3196 corpore
888 3121 950 3175 toto

100 3225 173 3274 1015
190 3215 391 3287 exterrentur,
419 3212 449 3266 ot
471 3223 508 3266 ex
531 3222 635 3264 somno
658 3206 744 3283 quasi
765 3203 907 3265 mentibu'
930 3205 1009 3284 capti

102 3299 238 3362 10001111
261 3297 297 3356 ad
321 3315 353 3356 se
376 3295 515 3375 redeunt,
538 3295 666 3372 permoti
689 3295 822 3372 corporis
845 3299 937 3353 aestu.

190 3385 301 3446 ilumen
323 3386 395 3444 item
418 3385 522 3444 sitiens
545 3388 596 3442 aut
618 3381 729 3442 iontem
751 3388 874 3460 propter
896 3397 1051 3441 amoenum

190 3472 304 3535 adsidet
327 3479 357 3533 et
378 3478 473 3532 totum
495 3488 586 3550 prope
610 3469 744 3530 faucibus
767 3476 891 3547 occupat
912 3486 1038 3528 amnem.
1058 3488 1109 3530 ross

354 3553 858 3637 [roco-1003]=ooo-ooa
