2438 3998
434 207 716 266 PROLEGOMENA.
995 210 1081 264 LXIII

69 351 157 416 ἰαυνα
177 351 277 417 ocutos
299 371 493 434 qtooecuoqoe
516 352 669 418 lacessunt
689 374 743 435 pro
767 352 888 419 ῑααααα
905 357 963 428 OQ.
982 357 1082 435 philol.

68 441 191 503 XXXIII
203 439 278 523 439,
300 442 353 503 ubi
376 443 475 504 dicere
500 442 644 504 debebam
668 445 699 503 in
718 447 783 504 eius
801 463 905 505 versus
925 447 977 523 qui
993 448 1083 524 periit

69 531 128 592 fine
160 526 282 593 ῑαααυαα
314 532 419 592 fuisse:
457 526 573 592 leonem
602 549 721 594 αυυαανυ
747 531 879 613 L.B.Mr.,
913 535 998 612 quasi
1028 551 1084 612 per

71 617 220 697 quaelibet
249 619 406 679 simulacra
435 618 537 680 leones
567 623 650 680 cerni
678 622 801 698 possint.
844 616 942 682 leones
969 619 1082 681 Mamll.

72 706 172 788 vulgo,
205 707 308 767 eodem
340 709 420 766 vitio.
457 739 500 749 -
538 702 599 767 737
634 702 766 769 bomem
796 708 826 767 et
851 709 953 770 cetera
982 708 1078 770 Lm.B.

72 794 139 855 Mu:
163 792 283 857 teocam
305 797 402 856 cetero
419 792 479 866 00.
497 792 593 872 vulgo.
617 826 659 837 —
685 792 747 855 743
769 794 904 856 rellicta
925 794 992 858 otto
1012 794 1080 859 υάαυ

69 895 154 941 mos
176 927 183 940 .
203 927 209 939 .
227 876 364 958 potitust.
391 879 428 940 Is.
448 879 530 940 Voss.
544 879 631 940 ΒΜΓ.
654 877 775 941 reddito
796 877 863 941 otto
880 878 937 952 00.
960 877 1083 942 reddito

69 985 126 1046 pro
154 965 221 1029 otto
248 967 376 1027 Lm-
402 960 658 1051 11750-758II.
687 963 870 1030 759-798,
899 965 1082 1030 tes—803.

72 1073 147 1135 quae
175 1057 250 1115 ratio
278 1053 358 1116 Inter
384 1055 438 1115 hos
466 1055 540 1116 duos
562 1055 658 1137 locos,
686 1058 830 1135 quisunt
854 1051 1028 1118 750—-758
1052 1063 1083 1116 et

73 1139 256 1204 759-798
289 1143 501 1223 intercederet,
537 1146 653 1222 primus
688 1145 841 1223 perspexit
872 1143 979 1204 Christ.
1009 1143 1027 1204 l.
1056 1163 1081 1205 c.

70 1250 99 1310 p.
115 1227 171 1312 233
195 1230 308 1291 Susem.
331 1230 431 1310 philol.
449 1230 569 1290 XXXIII
581 1227 648 1292 439
659 1250 722 1311 sqq.
745 1250 809 1291 rem
831 1248 926 1311 paene
949 1229 1081 1291 absolvit.

69 1321 155 1398 prius
182 1317 338 1379 Lucretius
362 1321 482 1396 scripsit
504 1315 678 1382 750-758
702 1326 741 1400 et,
764 1319 842 1398 quod
866 1319 949 1400 addo,
973 1317 1081 1381 799-

71 1399 356 1489 803(818-821.
377 1403 441 1468 826
456 1399 544 1490 Lm),
568 1407 674 1468 deiude
693 1406 797 1468 maIuIt
819 1426 887 1468 eum
902 1408 1008 1489 locum,
1031 1409 1083 1487 qui

71 1502 120 1555 est
143 1494 178 1554 de
201 1495 342 1574 quicquid
366 1512 484 1573 quoque
506 1494 572 1555 Ioco
597 1495 745 1574 cogitandi
767 1495 921 1576 facilitate,
948 1514 1014 1556 cum
1038 1513 1083 1576 eo,

71 1584 125 1661 qui
157 1589 203 1643 est
228 1583 264 1643 de
293 1582 520 1643 simulacrorum
549 1585 580 1643 in
612 1585 736 1644 somniis
765 1586 817 1663 qui
846 1583 964 1644 videtur
991 1590 1082 1664 motu,

71 1672 266 1749 coniungere:
294 1672 393 1749 itaque
420 1673 504 1749 prior
533 1670 616 1731 locus
646 1670 843 1732 secludendus
873 1678 945 1731 erat.
989 1687 1082 1730 novae

71 1759 180 1820 deiude
208 1761 252 1818 rei
280 1760 460 1837 expositioni
483 1759 606 1820 eandem
629 1761 773 1819 rationem
796 1757 959 1819 subiectam
981 1758 1082 1838 voluit,

72 1865 149 1925 quae
170 1848 265 1925 priori
289 1846 422 1907 subiecta
445 1854 499 1908 est.
531 1849 652 1926 repetiit
674 1864 793 1908 versum
816 1843 882 1908 774
905 1840 985 1929 (756
999 1839 1082 1928 Brg.)

70 1953 162 1994 versu
185 1931 248 1995 799
273 1927 351 2017 (781
376 1927 473 2018 ΒΓΕ),
501 1934 576 1995 duos
603 1937 655 2014 qui
679 1941 844 2014 sequuntur
867 1934 997 2015 reliquit,
1025 1934 1082 1994 alio

70 2030 207 2101 tempore
229 2029 264 2082 ut
286 2022 476 2083 adscriberet.
514 2030 615 2083 utrum
639 2023 744 2083 deinde
768 2025 833 2102 ipse
856 2040 894 2083 an
916 2022 992 2082 alius
1015 2025 1083 2102 quis

70 2128 177 2170 versus
197 2107 259 2170 771
272 2127 315 2188 sq.
335 2129 371 2170 ex
389 2128 461 2170 voce
481 2109 593 2190 pompe
610 2110 687 2171 facto
704 2107 759 2172 obt
775 2110 835 2171 huc
852 2113 1083 2190 transcripserit,

71 2216 133 2258 non
147 2196 281 2259 dixerim.
313 2197 437 2258 liueolas
458 2206 525 2258 ante
539 2198 660 2258 lacunae
680 2201 797 2275 siguum
810 2199 921 2276 positas
934 2197 1023 2258 volui.
1046 2197 1082 2258 de

71 2305 106 2346 re
129 2284 176 2345 bis
198 2291 322 2346 tractata
350 2287 386 2347 ci.
413 2304 441 2365 p.
465 2285 556 2346 XVIII
570 2304 613 2365 sq.
636 2319 678 2329 -
703 2289 760 2346 iam
783 2285 820 2345 ad
848 2284 961 2364 siugxda
988 2287 1082 2345 venio.

72 2370 138 2435 756
154 2381 184 2434 et
194 2371 256 2436 781
271 2390 383 2450 ναυααα,
402 2374 508 2452 inquo
527 2374 714 2434 offenderunt
726 2372 822 2433 ka.
837 2381 867 2434 et
881 2373 1004 2452 susem,
1016 2389 1083 2451 pro·

71 2463 202 2522 uomiuis
226 2463 320 2522 instar
341 2469 396 2541 est,
419 2467 453 2521 ut
474 2478 579 2523 eorum
603 2460 694 2522 scribi
718 2479 792 2540 opus
815 2479 875 2521 non
899 2462 945 2521 sit.
961 2493 1002 2502 -
1018 2455 1083 2521 765

70 2547 103 2612 si
123 2566 218 2625 mare,
240 2545 270 2610 st
291 2550 405 2610 temam
427 2546 542 2611 cmdtst
565 2548 687 2619 OQLm.
709 2548 766 2609 vid.
790 2565 957 2610 occurrere:
981 2565 1082 2607 corru-

71 2644 183 2717 perunt
210 2635 307 2697 locum
329 2637 503 2697 facillimum
529 2637 565 2697 ad
587 2635 819 2714 intellegendum
841 2635 872 2695 B.
892 2643 922 2696 et
939 2634 1006 2715 Mn,
1034 2634 1083 2695 ille

72 2726 158 2787 terro
179 2726 224 2786 est
243 2720 279 2784 υά
301 2722 387 2787 corde
401 2770 407 2785 .
422 2771 443 2800 .,
466 2725 515 2786 hic
538 2726 651 2787 terrast
671 2721 756 2786 cordi
780 2721 946 2783 scribendo.
961 2755 1005 2766 —-
1019 2720 1083 2784 773

72 2815 103 2875 et
122 2813 262 2892 repebat
283 2809 361 2873 ollis
384 2805 455 2896 (boc
473 2805 648 2896 Creechius)
664 2812 783 2891 pestem
798 2809 879 2890 pede
896 2808 1085 2873 convenienti

73 2904 95 2961 i.
109 2918 133 2961 e.
149 2906 287 2979 repetunt
300 2906 412 2960 motum
430 2901 505 2979 pede
523 2899 671 2960 bracchiis
689 2901 891 2980 conveniente,
909 2898 955 2959 vel
968 2899 1085 2977 planius

73 2991 173 3068 etiam,
196 2989 236 3047 ita
255 2995 393 3066 repetunt
412 2995 446 3048 ut
463 2988 548 3067 pedis
566 2994 664 3048 motus
681 2986 888 3048 bracchiorum
906 2989 1000 3047 motui
1015 3004 1084 3047 cou-

72 3078 180 3136 veniat.
205 3075 345 3154 repebant
356 3071 451 3137 ocutos
469 3074 581 3146 cour.
596 3077 706 3155 inepte.
728 3071 869 3154 referunt
881 3071 976 3137 ocutis
988 3072 1084 3133 Lm.B.

72 3183 134 3225 non
156 3162 272 3223 melius.
289 3196 332 3205 —
352 3161 415 3226 776
438 3165 569 3242 tempore
590 3160 625 3225 io
641 3179 712 3239 ααυ,
735 3180 805 3225 cum
824 3156 917 3246 (com)
936 3159 1085 3224 scotinus

74 3245 292 3336 (cmsendmos
323 3244 412 3335 oo),
441 3248 478 3313 to
507 3254 552 3314 est
581 3267 650 3313 com
679 3269 739 3314 υαα
765 3247 914 3313 emittitur
940 3266 1019 3326 υαα,
1049 3250 1085 3309 oi.

72 3339 174 3420 phiIoI.
197 3338 273 3398 XXV
292 3334 343 3419 74,
366 3338 480 3400 Susem.
504 3342 535 3400 in
558 3339 657 3419 philol.
680 3338 786 3399 XXXII
799 3334 866 3399 440
884 3346 944 3398 not.
965 3336 994 3400 6.
1017 3337 1086 3415 Brg.

72 3427 126 3508 Ep.
152 3428 248 3489 Lehre
275 3448 302 3489 v.
325 3428 352 3488 d.
376 3426 460 3488 Seele
487 3447 515 3507 p.
542 3424 596 3488 18:
629 3423 693 3488 782
725 3428 797 3486 item
829 3423 946 3503 Balejus
977 3425 1009 3483 iu
1040 3421 1085 3481 ed.

73 3519 206 3596 tempore
232 3514 267 3578 tn
294 3535 369 3599 uuo,
395 3514 478 3595 qood
499 3513 659 3593 scutimus,
686 3511 722 3575 to
744 3514 799 3587 est,
826 3529 896 3573 ααα
992 3515 1086 3589 acute,
