2438 3998
425 214 707 271 PROLEGOMENA.
1033 213 1073 268 IX

60 365 91 423 in
115 360 287 423 Lucretium
311 368 453 440 quantum
475 381 593 442 possem
617 363 847 442 intellegendum
870 370 900 424 et
921 364 1072 440 corrigen-

59 451 132 511 dum
178 452 318 510 carminis
359 456 472 510 textum
513 470 633 530 operam
672 455 865 532 insumerem,
911 452 977 511 fieri
1012 468 1072 510 non

58 541 158 618 potuit
180 540 252 617 quin
274 540 368 616 magis
386 541 538 617 magisque
557 542 588 599 in
608 539 740 617 singulos
758 557 850 600 annos
869 541 1072 618 perspicerem

59 629 125 688 eius
158 626 343 687 fundamenti
374 644 432 704 quo
465 629 560 687 omnis
593 627 758 688 emendatio
789 629 942 708 carminis,
975 628 1071 687 omnis

59 716 267 793 interpretatio
304 716 447 774 sustineri
481 714 615 796 deberet,
652 715 774 775 alteram
805 722 919 794 partem
952 715 1070 792 egregie

59 805 169 863 iactam
192 820 257 862 esse
280 801 316 862 ab
339 801 539 882 Lachmanno,
568 802 690 863 alteram
712 805 760 862 vix
784 803 957 863 inchoatam.
1003 819 1071 861 nam

60 909 129 950 cum
162 908 280 970 eorum,
316 908 391 968 quae
423 889 458 950 ab
491 892 681 968 grammatico
714 893 915 971 exigerentur,
951 893 983 950 in
1015 891 1072 950 viri

60 979 164 1039 eximii
200 977 363 1038 clarissimo
400 996 489 1056 opere
526 978 600 1038 nihil
632 978 694 1039 iere
731 977 895 1038 desiderari
930 978 1071 1058 viderem,

61 1067 235 1144 saepissime
263 1068 295 1126 in
318 1068 362 1126 eis
384 1066 445 1125 ridi
468 1073 611 1146 erratum,
640 1084 714 1145 quae
738 1068 802 1126 sine
826 1083 944 1125 rerum
967 1066 1072 1124 notitia

60 1161 150 1232 atque
172 1155 382 1232 perspicientia
407 1152 540 1230 intellegi
562 1173 622 1214 non
644 1161 774 1233 possent.
820 1172 877 1232 qua
900 1156 932 1212 in
955 1171 988 1213 re
1011 1171 1071 1212 non

60 1247 120 1322 est,
153 1259 207 1301 cur
238 1243 305 1319 quis
333 1240 553 1301 Lachmannum
580 1245 735 1320 vituperet.
786 1244 837 1320 qui
864 1243 909 1301 vir
937 1258 1070 1302 summus

61 1347 130 1390 cum
167 1335 281 1388 certum
317 1328 464 1407 quoddam
501 1330 665 1390 studiorum
702 1332 759 1390 iter
795 1332 947 1408 ingressus
983 1336 1071 1409 esset,

60 1424 147 1478 erant
183 1435 257 1495 quae
294 1416 358 1477 aliis
396 1416 567 1496 explicanda
599 1425 629 1478 et
663 1417 869 1497 perpurganda
901 1418 1070 1496 relinquere

60 1512 226 1583 cogeretur.
280 1507 379 1584 itaque
416 1507 480 1584 ipse
516 1508 548 1565 in
583 1512 714 1566 extrema
749 1508 955 1566 commentarii
986 1523 1071 1583 prae-

61 1594 171 1653 latione
209 1589 292 1652 ‘licet
326 1586 413 1652 mihi'
449 1595 490 1652 ait
526 1590 569 1653 ‘in
605 1612 657 1671 spe
693 1592 768 1653 lacta
805 1601 943 1671 certaque
981 1594 1070 1651 finem

61 1681 160 1741 lacere
182 1680 344 1760 praefandi,
368 1699 425 1759 qua
448 1681 554 1741 ductus
577 1682 710 1741 futurum
733 1698 862 1756 auguror
883 1687 917 1739 ut
938 1678 1071 1738 Lucretii

62 1786 182 1829 carmen
204 1771 448 1848 interpretatione
467 1769 598 1829 doctiore
616 1763 802 1846 illustretur’,
826 1785 913 1846 quam
934 1765 1072 1826 videlicet

60 1854 236 1935 expectabat
266 1875 283 1916 a
310 1856 414 1918 Carolo
443 1857 643 1937 Steinhardto,
674 1854 815 1916 nonnulla
843 1873 895 1934 spe
923 1856 1011 1915 etiam
1038 1857 1070 1914 in

60 1943 234 2004 Reisaclreri
261 1945 367 2005 studiis
394 1947 498 2024 posita.
544 1939 687 2005 ‘interim’
715 1946 812 2022 inquit
839 1939 884 2002 ‘ut
907 1945 1070 2022 poterimus

60 2031 263 2112 perpoliemus
298 2032 354 2093 hoc
386 2028 525 2093 carmen'.
580 2033 632 2093 sed
664 2034 774 2092 factum
805 2049 865 2092 non
897 2038 955 2112 est,
992 2031 1071 2109 quod

62 2127 233 2199 speraverat
268 2123 407 2181 carminis
443 2120 612 2181 Lucretiam
646 2123 810 2181 restitutor.
870 2137 937 2179 nam
975 2119 1071 2178 Stein-

61 2208 186 2269 hardtus
211 2226 279 2268 mox
301 2215 396 2268 totum
419 2225 451 2268 se
475 2209 556 2268 dedit
573 2208 731 2269 Platonicis
756 2208 862 2268 studiis
883 2215 913 2267 et
931 2225 968 2267 ne
988 2206 1072 2266 Reis-

62 2296 190 2357 ackerus
226 2296 345 2374 quidem
375 2295 443 2374 plus
478 2296 536 2356 duo
564 2299 659 2375 capita
686 2296 837 2356 doctrinae
864 2294 1027 2373 Epicureae
1055 2313 1072 2354 a

61 2385 201 2445 Lucretio
228 2390 368 2443 tractatae
396 2386 540 2461 exposuit.
584 2387 683 2463 itaque
707 2402 774 2444 eum
797 2390 865 2462 post
887 2380 1072 2442 Gassendum

62 2490 151 2533 nemo
174 2471 211 2531 ad
233 2474 402 2531 universam
419 2470 541 2550 Epicuri
561 2472 774 2551 physiologiam
792 2490 827 2531 ex
848 2469 979 2530 lontibus
998 2471 1072 2548 ipsis

62 2559 255 2622 hauriendam
285 2566 315 2619 et
340 2560 460 2637 penitus
487 2558 690 2638 explicandam
717 2559 838 2636 aggredi
866 2576 956 2619 ausus
984 2564 1072 2638 esset,

62 2647 139 2709 nibil
166 2647 401 2727 relinquebatur,
432 2649 492 2707 nisi
520 2655 554 2707 ut
581 2649 645 2726 ipse
674 2647 743 2725 quid
772 2649 802 2707 in
832 2665 865 2706 ea
892 2665 925 2706 re
953 2646 1073 2706 efficere

62 2753 183 2816 possem
209 2738 370 2814 experirer.
418 2742 488 2794 sunt
514 2753 584 2795 vero
611 2743 733 2795 naturae
760 2736 884 2794 rationis
908 2732 1072 2812 Epicureae

63 2823 253 2884 fundamenta
284 2822 370 2900 louge
402 2824 513 2882 maiore
542 2840 578 2882 ex
603 2831 687 2901 parte
716 2824 790 2882 iacta
817 2825 849 2881 in
876 2840 910 2882 ea
938 2820 1073 2901 epistula,

64 2929 153 2991 quam
175 2909 344 2988 Gargettius
368 2910 403 2970 ad
426 2910 608 2970 Herodotum
631 2911 719 2970 dedit.
761 2910 791 2969 id
812 2912 902 2986 igitur
921 2908 981 2968 vidi
999 2909 1074 2968 mihi

62 3000 216 3076 negotium
247 3000 432 3078 impositum,
463 3005 497 3058 ut
524 2999 599 3058 hanc
626 2997 783 3077 epistulam
809 3004 1013 3076 perscrutarer
1044 3003 1074 3056 et

62 3104 119 3165 pro
151 3085 230 3145 virili
260 3093 344 3165 parte
377 3085 573 3146 emendarem.
624 3087 828 3146 commentarii
858 3091 888 3144 et
919 3086 1016 3144 critici
1044 3090 1074 3144 et

63 3176 212 3253 exegetici
242 3180 405 3233 extremam
434 3180 549 3252 partem
582 3174 660 3233 edidi
688 3192 764 3234 anno
794 3169 878 3235 1882
910 3175 941 3231 in
973 3171 1074 3231 libello

64 3261 241 3323 scholastico
259 3260 388 3341 Halensi,
408 3263 459 3339 qui
478 3261 651 3322 inscribitur
670 3257 809 3340 ‘Epikurs
827 3260 912 3320 Briel
927 3278 965 3319 an
981 3259 1072 3320 Hero·

65 3350 129 3431 dot,
156 3349 221 3410 Par.
250 3347 403 3428 68—83,
434 3348 585 3410 ubersetzt
612 3349 673 3409 und
703 3349 844 3410 erliutert
875 3366 932 3408 von
964 3347 1013 3408 Dr.
1041 3348 1074 3408 Α.

64 3433 208 3516 Brieger’.
254 3440 285 3498 in
317 3438 364 3497 his
391 3455 461 3497 vero
490 3437 596 3498 studiis
625 3455 692 3497 cum
718 3454 862 3517 versarer,
886 3438 1074 3514 opportunis-

65 3527 140 3587 sime
159 3525 267 3588 accidit
285 3525 363 3604 quod
376 3525 562 3586 Hermannus
577 3525 691 3585 Usener
709 3542 777 3585 cum
797 3524 905 3583 ceteris
918 3521 1074 3600 Epicureis
