2438 3998
135 191 177 264 rc
325 169 328 173 ’
619 198 659 251 111

205 363 300 423 usque
323 344 395 405 adeo
417 346 501 422 prius
524 345 624 405 estin
646 343 733 404 nobis
755 342 847 404 multa
869 343 1007 404 ciendum

207 435 320 493 semina
343 431 518 510 corporibus
540 433 651 492 nostris
673 433 706 492 in
727 433 819 492 mixta
840 450 895 511 per
917 439 1011 512 artus,
1105 445 1146 484 aaa

206 537 294 598 quam
315 519 477 597 primordia
501 521 663 579 sentiscant
685 537 829 579 concussa
851 521 959 579 animai
1103 531 1145 572 aaa

207 615 237 669 et
259 624 347 686 quam
369 609 402 667 in
424 605 471 666 his
495 605 658 667 intervallis
679 607 837 667 tuditantia
858 608 975 686 possint

135 711 187 761 000
207 711 383 755 concursare
407 696 487 755 coire
510 701 541 754 et
563 693 720 754 dissultare
743 696 882 754 vicissim.

249 781 288 842 Et
309 783 403 861 magis
426 788 472 842 est
494 783 609 842 animus
631 783 703 842 vitai
725 780 853 843 claustra
875 786 1017 842 coercens

206 876 237 931 et
259 869 457 930 dominantior
480 869 516 930 ad
539 872 629 930 vitam
651 887 740 948 quam
761 871 807 930 vis
829 872 945 930 animai.

206 973 274 1018 nam
298 959 363 1018 sine
385 964 485 1018 mente
508 959 663 1035 animoque
688 958 790 1035 nequit
812 957 944 1018 residere
967 975 1022 1035 per
1044 963 1127 1017 artus

206 1048 351 1124 temporis
374 1047 509 1123 exiguam
531 1051 645 1123 partem
667 1063 736 1123 pars
759 1043 818 1105 ulla
841 1047 963 1124 animai,

136 1149 189 1198 400
208 1133 260 1194 sed
284 1151 383 1193 comes
406 1134 573 1210 insequitur
595 1131 680 1192 iacile
704 1140 734 1192 et
756 1132 883 1193 discedit
904 1134 936 1192 in
959 1148 1045 1192 auras

206 1227 237 1281 et
259 1220 372 1298 gelidos
395 1227 476 1280 artus
499 1221 531 1279 in
554 1218 606 1278 leti
628 1220 738 1297 frigore
761 1218 888 1298 linquit·

207 1314 237 1368 at
259 1315 358 1368 manet
380 1310 411 1367 iu
434 1309 492 1366 vita
515 1308 564 1367 cui
587 1324 672 1366 mens
694 1309 869 1386 animusque
892 1309 1043 1367 remansit.

209 1397 341 1472 quamvis
365 1400 411 1454 est
433 1396 546 1454 circum
568 1396 663 1454 caesis
686 1392 765 1455 lacer
788 1395 918 1473 undique
941 1393 1098 1474 membris,

207 1489 340 1562 truncus,
363 1481 498 1560 adempta
521 1483 634 1542 animae
656 1484 686 1541 vi
709 1500 777 1543 cum
799 1481 999 1560 membrisque
1023 1489 1146 1563 remota,

137 1584 190 1637 400
207 1571 280 1630 vivit
302 1575 332 1629 et
354 1569 499 1630 aetherias
521 1569 618 1630 vitalis
642 1573 767 1648 suscipit
789 1588 888 1631 auras:

208 1660 317 1718 sinon
339 1657 529 1738 omnimodis,
553 1663 582 1718 at
604 1674 710 1735 magna
731 1665 814 1736 parte
838 1659 947 1718 animai

208 1748 353 1826 privatus,
376 1753 475 1806 tamen
498 1747 530 1804 in
551 1747 612 1804 rita
635 1752 790 1806 cunctatur
812 1752 842 1805 et
863 1745 979 1825 haeret3

209 1841 255 1914 ut,
277 1833 404 1894 lacerato
428 1831 512 1893 oculo
535 1834 648 1893 circum
671 1835 698 1892 si
719 1831 829 1912 pupula
851 1834 961 1892 mansit

208 1919 378 2000 incolumis,
401 1927 459 1980 stat
481 1919 625 1980 cernundi
648 1922 742 1980 vivata
764 1927 907 2000 potestas,

138 2025 190 2073 410
209 2009 280 2068 dnm
302 2008 389 2067 modo
412 2025 450 2067 ne
472 2014 567 2068 totum
590 2024 762 2086 corrumpas
785 2007 906 2068 luminis
929 2006 1031 2067 orbern

209 2102 240 2156 et
262 2097 375 2155 circum
397 2093 502 2154 caedas
525 2096 618 2154 aciem
643 2094 792 2174 solamque
815 2095 978 2173 relinquas:

208 2176 218 2265 {l
231 2181 262 2243 id
286 2199 402 2260 quoque
425 2183 505 2240 enim
529 2183 592 2241 sine
615 2184 748 2260 pernicie
770 2200 831 2242 non
852 2183 904 2242 liet
926 2200 1037 2242 eorum.
1055 2180 1066 2260 ss

209 2276 240 2331 at
262 2271 289 2329 si
310 2268 422 2329 tantula
444 2286 513 2346 pars
536 2268 614 2329 oculi
636 2269 733 2330 media
755 2269 804 2329 illa
826 2276 972 2350 peresast,

210 2356 318 2417 occidit
340 2354 486 2435 extemplo
508 2355 609 2417 lumen
631 2356 830 2436 tenebraeque
854 2363 1003 2418 secuntur,

138 2460 191 2511 410
210 2443 366 2505 incolumis
389 2446 522 2523 quamvis
545 2444 654 2523 alioqui
676 2444 848 2523 splendidus
872 2443 961 2505 orbis.

208 2533 265 2593 hoc
292 2534 389 2592 anima
416 2539 503 2611 atque
531 2534 646 2592 animus
670 2535 762 2592 vincti
785 2539 855 2593 sunt
877 2532 994 2593 foedere
1019 2550 1144 2611 semper.

253 2620 338 2681 Nunc
361 2637 427 2701 age,
449 2622 564 2681 nativos
588 2619 786 2680 animantibus
809 2627 839 2681 et
861 2618 993 2680 mortalis

210 2727 276 2770 esse
300 2711 413 2770 animos
435 2710 606 2786 animasque
629 2707 703 2768 levis
724 2715 759 2768 ut
780 2725 903 2768 noscere
925 2709 1036 2788 possis,

209 2799 375 2876 conquisita
397 2796 448 2857 diu
472 2795 610 2874 dulcique
632 2802 750 2874 reperta
772 2794 872 2856 labore

139 2902 191 2952 ano
210 2885 297 2964 digna
320 2892 370 2945 tua
392 2902 513 2963 pergam
536 2884 694 2962 disponere
717 2886 847 2944 carmina
870 2901 948 2944 cura.

209 2980 243 3034 tu
265 2973 311 3033 iac
333 2978 491 3050 utrumque
514 2989 573 3031 nno
597 2971 652 3031 sub
675 2973 780 3049 iungas
802 2973 921 3031 nomine
945 2988 1047 3031 eorum

210 3068 298 3140 atque
321 3061 449 3120 animam
471 3058 555 3120 verbi
577 3076 664 3119 causa
687 3076 755 3119 cum
778 3058 877 3119 dicere
899 3076 1034 3139 pergam,

209 3146 364 3208 mortalem
387 3165 452 3207 esse
476 3147 594 3226 docens,
617 3148 747 3207 animum
770 3164 887 3226 quoque
910 3145 1009 3207 dicere
1032 3146 1146 3226 credas,

210 3241 355 3314 quatenus
379 3241 425 3295 est
448 3251 539 3294 unum
562 3235 641 3294 inter
663 3252 695 3294 se
719 3237 934 3313 coniunctaque
957 3253 1006 3294 res
1029 3240 1082 3294 est.

138 3341 190 3390 425
253 3322 403 3400 Principio
426 3323 564 3400 quoniam
587 3328 707 3382 tenuem
729 3330 864 3383 constare
888 3324 1010 3382 minutis

209 3408 385 3489 corporibus
408 3409 496 3470 docui
517 3408 668 3488 multoque
691 3409 857 3471 minoribus
880 3427 946 3471 esse

207 3499 365 3582 principiis
387 3497 493 3559 factam
517 3516 604 3577 quarn
627 3497 757 3578 liquidus
781 3515 867 3558 umor
889 3499 975 3575 aquai
