2438 3998
102 217 150 272 un
466 196 749 274 raomcomm.

102 364 165 426 vult
192 382 259 426 eum
287 364 386 426 locum
413 366 465 443 qui
491 371 538 425 est
553 364 597 425 de
620 363 798 442 imaginibus
819 364 853 424 in
875 361 1004 443 speculis
1026 380 1116 442 appa-

103 451 238 514 rentibus
261 449 436 515 269-298
460 459 491 512 et
513 447 697 514 323-347.
739 449 903 530 posthaec
925 468 960 511 ea
983 448 1117 532 collocat,

104 558 178 620 quae
202 540 238 600 de
260 539 384 600 umbrae
407 546 490 600 motu
513 541 565 619 qui
583 537 701 600 videtur
721 538 847 618 legimus
866 556 910 600 rr.
929 532 1115 601 364-378.

102 628 183 689 hunc
205 627 340 688 ordinem
364 627 434 687 olim
457 625 585 687 laudavi:
608 633 638 687 et
661 645 731 688 sane
754 644 804 687 res
825 629 978 705 ingeniose
997 627 1117 704 excogi-

102 722 163 776 tata
189 722 243 777 est
289 715 341 776 sed
369 713 650 794 transpositionibus
677 713 736 774 illis
765 730 839 792 opus
863 720 1000 775 nonest
1046 731 1117 775 nam

102 810 150 885 ut,
177 804 249 882 quin
274 809 361 882 poeta
383 802 448 864 loco
471 802 508 864 de
531 802 757 863 simulacrorum
778 804 811 862 in
833 801 962 881 speculis
984 801 1116 862 motibus

104 893 155 969 qui
178 890 329 971 ridentur,
353 889 489 952 subicere
511 892 650 971 potuerit,
673 888 762 969 idque
784 889 831 950 rel
853 892 1015 970 aptissime,
1038 907 1116 969 quae

103 977 140 1038 de
171 977 295 1040 umbrae
321 986 404 1040 motu
435 977 574 1058 legimus,
604 976 726 1038 dubium
756 995 817 1037 non
848 985 907 1056 est,
938 980 979 1038 ita
1010 995 1048 1038 ne
1081 995 1117 1037 ea

104 1066 233 1148 quidem,
256 1085 331 1146 quae
354 1072 388 1128 ut
409 1068 565 1127 interiecta
583 1064 693 1126 seclusi
713 1061 900 1148 307-346,
919 1083 980 1126 non
996 1064 1116 1126 vinculo

104 1154 231 1233 quodam
260 1171 328 1215 cum
356 1156 401 1214 eis
427 1171 503 1233 quae
530 1161 696 1233 sequuntur
723 1155 925 1235 continentur3
957 1170 1025 1214 nam
1054 1170 1116 1214 non

104 1260 174 1303 casu
197 1243 307 1312 lactum
329 1240 456 1321 ridetur,
477 1247 511 1302 ut
534 1248 601 1301 ante
625 1241 748 1301 umbrae
770 1243 960 1321 mentionem,
983 1258 1059 1319 quae
1082 1241 1117 1300 fit

104 1326 177 1409 347,
213 1327 285 1389 illud
321 1325 531 1390 adumbratim
560 1329 726 1408 praecedat.
758 1360 812 1407 -q
833 1324 1017 1390 239-243.
1049 1325 1114 1388 241

104 1411 184 1499 (226
215 1408 298 1499 Brg.)
322 1434 340 1474 s
362 1415 513 1494 Kanneng.
546 1415 615 1476 diss.
648 1435 675 1495 p.
704 1413 757 1497 27,
787 1434 854 1478 ann
881 1415 998 1478 Lucret
1028 1412 1115 1478 1879

102 1523 131 1583 p.
150 1500 224 1566 226.
243 1535 286 1546 -
306 1498 372 1566 254
394 1510 425 1564 et
447 1501 525 1585 261,
549 1501 630 1584 fores
651 1520 731 1584 qaae
747 1519 839 1568 nere
856 1502 1116 1583 bwspddendue:

102 1590 165 1652 Lm.
197 1609 223 1653 v.
250 1586 330 1672 244,
365 1610 403 1652 ne
433 1589 515 1670 qaod
540 1608 639 1671 genus
669 1595 734 1653 sine
765 1594 840 1654 sunt
868 1595 999 1672 positum
1026 1600 1116 1672 esset,

103 1712 146 1723 —
174 1681 210 1741 cl.
238 1680 274 1740 ad
301 1679 328 1740 ll
356 1676 422 1741 194
444 1714 487 1724 -
510 1683 542 1740 in
573 1687 699 1760 utroque
729 1699 818 1741 versu
849 1699 903 1760 pro
929 1697 1008 1759 quae
1033 1697 1116 1742 vere:

102 1785 181 1846 quac
201 1766 283 1843 suni,
305 1763 378 1831 bene
400 1770 534 1850 scripsit3
559 1787 647 1829 nemo
671 1787 739 1829 eum
762 1776 883 1829 secutus
905 1776 959 1829 est
982 1801 1025 1810 —
1049 1765 1115 1830 267

102 1853 139 1916 in
160 1853 243 1917 idem
264 1854 318 1916 Mr.
341 1854 378 1917 e'n
403 1873 473 1918 eum
496 1855 554 1928 OQ.
585 1858 621 1917 el.
643 1876 671 1936 p.
695 1855 755 1917 XX
796 1853 909 1919 ibrum
929 1854 992 1917 Lm.
1015 1855 1047 1916 B.
1072 1889 1115 1899 -

102 1963 128 2002 v.
143 1939 209 2003 290
228 1935 320 2026 (Lm.)
339 1961 356 2004 a
374 1943 560 2005 Lachmanno
578 1951 646 2022 post
657 1941 733 2023 270,
752 1962 768 2004 a
785 1942 946 2023 Bernaysio
963 1951 1032 2023 post
1048 1941 1115 2006 269

102 2031 233 2108 positum
264 2028 329 2090 loco
356 2048 416 2091 non
442 2048 554 2094 moveo.
604 2039 672 2109 post
700 2030 764 2093 272
792 2025 872 2113 (289
899 2025 977 2114 Lm.)
1005 2031 1117 2092 excidit

103 2115 228 2197 aliquid,
256 2117 291 2176 cl.
320 2114 410 2177 Goeb.
439 2116 500 2178 obs.
527 2137 555 2197 p.
585 2115 635 2179 19.
681 2118 789 2180 Christ.
816 2139 845 2198 p.
869 2116 920 2181 11.
965 2119 1018 2179 ΜΓ.
1041 2118 1113 2180 Poll

103 2203 121 2263 l.
141 2223 165 2265 c.
189 2223 216 2282 p.
239 2200 303 2264 339
323 2222 366 2282 sq.
385 2237 428 2247 -
447 2202 511 2266 291
536 2203 610 2267 celeo
633 2223 655 2268 e
676 2203 807 2286 speculo:
829 2203 947 2286 speculo
970 2205 1029 2278 OQ.
1048 2207 1115 2268 edd.

103 2325 146 2334 —
160 2288 225 2353 293
248 2292 405 2354 cosentit
427 2291 485 2363 OQ.
508 2292 539 2354 P.
562 2293 682 2372 Langen
704 2294 722 2355 l.
744 2314 768 2354 e.
792 2293 975 2357 mverdtur
995 2293 1059 2356 Lm.
1082 2294 1115 2358 B.

103 2413 146 2423 -
166 2377 230 2442 328
250 2399 294 2460 sq.
374 2396 428 2442 aer
449 2382 516 2442 oter
533 2381 565 2442 B.
584 2381 620 2442 M.
644 2378 800 2444 obsederet
820 2399 874 2445 aer
894 2380 1037 2445 matinen
1055 2381 1115 2455 OQ.

103 2470 182 2548 ater,
210 2485 286 2529 aera
313 2467 376 2528 Lm.
400 2500 443 2511 -
467 2465 532 2529 344
559 2467 603 2530 cd
627 2471 823 2532 bream...
848 2473 973 2532 mombar
996 2470 1059 2532 Lm.
1082 2470 1114 2532 B.

103 2557 231 2616 ocantur
254 2553 312 2626 OQ.
336 2556 476 2617 menter
493 2556 546 2617 ΜΡ.
565 2590 608 2601 -
628 2555 693 2620 380
716 2577 779 2637 sqq.
803 2556 993 2637 extentisque
1005 2555 1117 2637 procat

177 2641 291 2705 monb's
322 2639 470 2705 classebes
495 2642 576 2706 inter
602 2662 677 2724 quos
703 2645 762 2717 OQ.
789 2645 885 2707 ka.
912 2646 979 2707 Mn:
1010 2648 1118 2708 cctam

102 2747 197 2809 usqae
215 2731 277 2791 Lm.
291 2731 323 2792 B.
338 2765 381 2775 -
394 2728 459 2793 401
478 2729 587 2794 nubile
605 2731 761 2812 despicere
774 2731 833 2804 OQ.
851 2734 951 2812 vulgo:
969 2731 1118 2812 despicere

103 2817 166 2878 Lm.
194 2818 236 2899 Β,
263 2837 288 2879 v.
316 2819 417 2899 philol.
445 2818 539 2880 XXIX
563 2817 638 2881 444.
662 2854 704 2864 -
733 2840 750 2879 a
775 2818 849 2882 402.
880 2816 1051 2904 (desperavi
1082 2823 1119 2883 de

103 2906 323 2988 emendatione,
364 2907 499 2968 lacunam
535 2915 634 2969 tamen
670 2917 752 2970 certo
788 2908 968 2988 adgnoscere
1004 2908 1116 2970 videor.

104 3001 238 3056 ceterum
264 3012 302 3055 ne
325 3012 405 3055 nunc
428 2995 548 3075 quidem
570 2996 645 3056 mihi
668 2999 739 3057 satis
762 3003 878 3058 constat
900 3015 960 3057 non
982 2999 1117 3077 potuisse

103 3081 275 3144 Lucretium
297 3080 441 3145 mirande
464 3082 604 3164 seribere,
627 3084 706 3162 quod
727 3083 898 3145 adverbium
917 3103 988 3145 sane
1006 3087 1117 3147 mirum

103 3187 209 3230 rursus
232 3173 363 3231 occurrit
384 3189 410 3231 r.
433 3167 513 3250 445,
536 3170 588 3231 ubi
611 3178 658 3231 est
678 3169 822 3234 monade
843 3168 1034 3253 cumpro
1058 3191 1117 3252 quo

105 3253 166 3314 Lm.
185 3252 331 3341 miroalt).
367 3277 446 3320 nuno
468 3261 625 3342 utrobique
643 3262 786 3326 mbende
804 3264 912 3324 scribo.
934 3297 971 3306 -
993 3259 1058 3323 466
1077 3259 1118 3324 eb

103 3358 195 3404 semu
214 3338 297 3421 falso
318 3341 400 3405 ratio
423 3345 492 3406 orte
514 3392 574 3427 ...,
596 3364 675 3425 qnae
697 3350 760 3411 tote
777 3346 816 3411 ab
833 3347 972 3413 senscbus
990 3354 1119 3430 aptast:

104 3432 202 3493 catast
227 3433 327 3509 inepte
351 3429 409 3502 OQ.
438 3430 503 3494 edd.
532 3438 662 3496 correxit
683 3436 828 3498 Hoeferus
853 3440 886 3499 in
908 3438 1007 3500 libello
1030 3440 1120 3522 bono,

105 3537 194 3596 quem
216 3518 253 3579 de
276 3536 417 3579 sensuum
437 3519 569 3580 doctrina
593 3541 609 3581 a
628 3522 744 3585 Lucret.
763 3524 781 3585 l.
800 3525 837 3585 lV
854 3532 979 3588 tractata
997 3531 1122 3607 scripsit
