2438 3998
587 237 627 294 VI

178 386 398 467 conseruerant,
422 405 438 447 6
461 388 560 466 parvis
583 390 651 466 quia
674 387 749 448 facta
771 389 884 470 minute

106 491 159 542 360
178 474 352 554 corporibus
373 477 418 535 vis
441 482 487 535 est
509 482 539 536 et
560 475 674 536 levibus
698 494 733 536 ex
756 475 922 557 elementis,

106 570 161 622 366
178 582 253 642 quae
275 563 360 624 facile
382 564 572 624 insinuantur
593 571 623 624 et
644 566 791 625 insinuata
815 571 936 643 repente
1011 567 1013 570 ’
1069 585 1109 628 aaa

177 650 343 713 dissoluont
364 651 457 712 nodos
481 653 576 712 omnis
599 659 629 714 et
650 652 745 712 vincla
767 650 905 713 relaxant.
1079 644 1082 648 ’

177 748 376 820 autumnoque
399 741 492 818 magis
516 739 608 800 stellis
631 739 809 820 fulgentibus
832 749 899 819 apta
986 744 989 748 ’

121 810 137 846 ’
177 830 345 891 concutitur
367 828 440 889 caeli
463 828 568 889 domus
591 828 721 908 undique
743 835 862 908 totaque
885 827 986 910 tellus,

106 925 208 984 36661
230 935 298 978 cum
319 923 452 996 tempora
475 935 507 977 se
530 918 608 977 veris
631 916 765 977 florentia
787 916 927 995 pandunt.

105 1014 162 1066 360
178 1006 287 1084 frigore
312 1006 391 1065 enim
413 1004 520 1066 desunt
541 1007 638 1087 ignes,
661 1007 799 1084 ventique
822 1004 919 1065 calore
1070 1029 1110 1069 666

177 1095 318 1155 deficiunt
338 1111 435 1172 neque
459 1100 609 1162 sunitam
632 1093 725 1154 denso
747 1109 870 1171 corpore
892 1092 995 1154 nubes.

176 1185 395 1261 interutrasque
417 1183 508 1260 igitur
530 1201 599 1243 cum
621 1181 694 1243 caeli
716 1189 848 1260 tempora
872 1189 1019 1261 constant,

176 1278 240 1332 tum
262 1273 358 1331 variae
382 1288 486 1331 causae
509 1277 690 1330 concurrunt
711 1269 843 1331 fulminis
867 1288 983 1330 omnes:

105 1376 158 1425 366
177 1377 245 1420 uam
267 1359 361 1419 fretus
384 1360 449 1438 ipse
472 1360 542 1418 anni
563 1359 724 1438 permiscet
745 1358 838 1436 frigus
860 1359 891 1420 et
911 1365 1038 1439 aestum,

105 1455 162 1506 366
178 1456 211 1508 ut
234 1446 380 1509 discordia
401 1443 444 1508 so
463 1465 564 1508 rerum
584 1464 748 1526 magnoque
768 1445 897 1506 tumultu
1068 1469 1108 1510 666

176 1534 294 1614 ignibus
317 1542 347 1596 et
369 1536 464 1595 ventis
486 1534 663 1595 furibundus
686 1534 808 1595 fluctuet
833 1539 896 1614 air,
1068 1558 1107 1598 666

105 1631 161 1683 366
177 1641 302 1704 qnorum
311 1630 469 1702 utrumque
479 1641 553 1703 opus
563 1630 609 1684 est
617 1622 786 1684 fabricanda
796 1622 831 1683 ad
842 1621 964 1683 fulmina
973 1621 1054 1684 nubi.
1067 1646 1108 1687 666

175 1715 272 1792 prima
294 1711 399 1772 caloris
422 1713 502 1771 enim
524 1730 593 1790 pars
617 1718 647 1772 et
668 1717 816 1790 postrema
839 1712 947 1788 rigoris
1068 1734 1108 1775 666

105 1816 158 1867 366
176 1807 293 1880 tempus
315 1799 346 1861 id
369 1807 415 1859 cst
436 1817 572 1881 remum3
596 1817 686 1879 quare
708 1817 840 1878 pugnare
862 1806 1014 1860 necessest

104 1897 162 1948 370
178 1887 332 1949 dissimilis
353 1889 432 1948 inter
455 1905 486 1947 se
509 1905 557 1947 res
580 1887 758 1966 turbareque
778 1889 899 1947 mixtas:
1068 1911 1107 1951 666

93 1993 96 1998 ’
153 2005 157 2011 ·
176 1983 207 2036 et
229 1975 308 2037 66166
331 1982 480 2036 extremus
502 1977 598 2054 primo
622 1994 689 2037 cum
711 1976 820 2054 frigore
843 1977 953 2037 mixtus

176 2064 314 2145 volvitur,
337 2066 469 2125 autumni
491 2065 569 2143 quod
592 2064 687 2124 fertur
708 2065 826 2124 nomine
848 2071 978 2145 tempus,

174 2153 223 2214 bic
246 2170 364 2231 quoque
387 2151 547 2230 confligunt
568 2152 681 2227 hiemes
705 2150 863 2212 aestatibus
887 2170 978 2213 acres.

104 2259 158 2309 ato
176 2249 332 2321 propterea
352 2237 436 2319 freto
458 2246 526 2300 sunt
548 2240 620 2300 baec
642 2242 711 2300 anni
733 2239 946 2322 nominitanrla3

104 2337 160 2389 376
176 2348 231 2390 666
253 2330 403 2409 mirumst,
425 2330 457 2388 iu
480 2345 515 2388 66
539 2329 565 2388 61
587 2334 720 2408 tempore
742 2327 870 2406 plurima
891 2328 967 2389 fiunt
1067 2350 1106 2392 666

175 2417 297 2478 fulmina
319 2423 536 2496 tempestasque
560 2418 655 2477 cietur
676 2415 793 2477 turbida
817 2416 910 2498 caelo,

176 2508 298 2584 ancipiti
321 2507 460 2584 quoniam
481 2503 558 2565 bello
581 2504 717 2566 turbatur
734 2506 896 2586 utrimque,

175 2594 244 2654 hinc
267 2592 404 2673 flammis,
428 2591 509 2654 illinc
530 2594 639 2673 ventis,
661 2611 822 2672 umoreque
844 2595 945 2652 mixto.

103 2698 157 2749 306
227 2681 290 2742 1166
313 2688 359 2741 est
381 2681 500 2760 igniferi
521 2689 655 2743 naturam
677 2681 809 2742 fulminis
832 2682 926 2760 ipsam

102 2778 159 2830 360
174 2771 344 2850 perspicere
367 2776 397 2829 et
419 2787 476 2847 qua
497 2771 527 2830 vi
549 2770 636 2830 faciat
658 2787 721 2830 rem
745 2786 890 2849 quamque
913 2770 1026 2851 videre,
1067 2791 1106 2832 666

174 2876 234 2918 non
256 2857 406 2938 Tyrrhena
428 2864 509 2917 retro
532 2857 695 2918 volventem
718 2859 847 2918 carmina
870 2857 980 2918 frustra

174 2947 283 3007 indicia
305 2945 437 3006 occultae
460 2946 557 3005 dirum
580 2947 753 3024 perquirere
772 2947 894 3026 mentis,
1066 2967 1105 3008 666

102 3041 159 3093 366
173 3034 280 3114 quidve
301 3051 423 3094 mouere
446 3042 533 3112 queat
554 3032 591 3094 tle
614 3033 694 3094 66616
717 3032 848 3093 fulminis
871 3036 956 3095 ictus.
1065 3056 1105 3098 666

101 3139 155 3189 366
174 3122 252 3202 quod
276 3124 307 3183 si¹
324 3121 456 3203 luppiter
478 3129 566 3200 atque
589 3120 639 3182 alii
661 3120 801 3200 fulgentia
825 3121 884 3181 divi

172 3211 302 3272 terrifico
326 3213 461 3289 quatiunt
483 3211 581 3270 sonitu
604 3209 740 3270 caelestia
763 3209 871 3289 templa

172 3306 203 3360 et
224 3301 335 3360 iaciunt
356 3302 455 3379 ignem
478 3315 536 3378 quo
559 3300 717 3377 quoiquost
739 3316 864 3377 cumque
886 3296 1032 3379 voluptas,

100 3393 156 3448 390
172 3406 226 3449 cur
249 3387 356 3467 quibus
379 3390 530 3449 incautum
552 3387 649 3448 scelus
672 3385 833 3447 aversabile
857 3393 1013 3465 cumquest
1064 3409 1103 3450 666

171 3493 231 3537 non
254 3476 364 3537 faciunt
385 3477 438 3536 icti
460 3475 591 3536 flammas
614 3483 648 3536 ut
669 3474 795 3553 fulguris
817 3474 917 3535 halent

395 3560 597 3643 [666-666]
613 3591 653 3613 .-=
670 3558 811 3625 cu-ar.
