<?xml version="1.0" encoding="UTF-8"?>
<!DOCTYPE html PUBLIC "-//W3C//DTD XHTML 1.0 Transitional//EN"
    "http://www.w3.org/TR/xhtml1/DTD/xhtml1-transitional.dtd">
<html xmlns="http://www.w3.org/1999/xhtml" xml:lang="en" lang="en">
 <head>
  <title>
</title>
<meta http-equiv="Content-Type" content="text/html;charset=utf-8" />
  <meta name='ocr-system' content='tesseract 3.04.00' />
  <meta name='ocr-capabilities' content='ocr_page ocr_carea ocr_par ocr_line ocrx_word'/>
</head>
<body>
  <div class='ocr_page' id='page_1' title='image "./tlucreticarider02carugoog_0025.png"; bbox 0 0 2438 3998; ppageno 0'>
   <div class='ocr_carea' id='block_1_1' title="bbox 160 225 810 290">
    <p class='ocr_par' dir='ltr' id='par_1_1' title="bbox 160 225 810 290">
     <span class='ocr_line' id='line_1_1' title="bbox 160 225 810 290; baseline -0.015 0"><span class='ocrx_word' id='word_1_1' title='bbox 160 232 212 290; x_wconf 86' lang='lat' dir='ltr'>XX</span> <span class='ocrx_word' id='word_1_2' title='bbox 526 225 810 283; x_wconf 71' lang='lat' dir='ltr'>recondendus.</span> 
     </span>
    </p>
   </div>
   <div class='ocr_carea' id='block_1_2' title="bbox 157 374 1181 3622">
    <p class='ocr_par' dir='ltr' id='par_1_2' title="bbox 157 374 1176 2197">
     <span class='ocr_line' id='line_1_2' title="bbox 163 374 1173 457; baseline -0.006 -16"><span class='ocrx_word' id='word_1_3' title='bbox 163 386 208 442; x_wconf 91' lang='lat' dir='ltr'>est</span> <span class='ocrx_word' id='word_1_4' title='bbox 240 377 317 457; x_wconf 93' lang='lat' dir='ltr'>apud</span> <span class='ocrx_word' id='word_1_5' title='bbox 350 374 477 435; x_wconf 88' lang='lat' dir='ltr'>Graecos</span> <span class='ocrx_word' id='word_1_6' title='bbox 508 374 714 453; x_wconf 88' lang='lat' dir='ltr'>Romanosque</span> <span class='ocrx_word' id='word_1_7' title='bbox 746 381 834 452; x_wconf 90' lang='lat' dir='ltr'>atque</span> <span class='ocrx_word' id='word_1_8' title='bbox 866 374 942 452; x_wconf 90' lang='lat' dir='ltr'>apud</span> <span class='ocrx_word' id='word_1_9' title='bbox 974 391 1042 434; x_wconf 87' lang='lat' dir='ltr'>nos:</span> <span class='ocrx_word' id='word_1_10' title='bbox 1074 376 1173 453; x_wconf 86' lang='lat' dir='ltr'>possis</span> 
     </span>
     <span class='ocr_line' id='line_1_3' title="bbox 164 456 1173 543; baseline -0.005 -15"><span class='ocrx_word' id='word_1_11' title='bbox 164 469 243 528; x_wconf 91' lang='lat' dir='ltr'>enim</span> <span class='ocrx_word' id='word_1_12' title='bbox 265 471 395 525; x_wconf 84' lang='lat' dir='ltr'>vertere:</span> <span class='ocrx_word' id='word_1_13' title='bbox 421 481 454 523; x_wconf 87' lang='lat' dir='ltr'>es</span> <span class='ocrx_word' id='word_1_14' title='bbox 476 462 574 542; x_wconf 83' lang='lat' dir='ltr'>folgen</span> <span class='ocrx_word' id='word_1_15' title='bbox 597 461 645 522; x_wconf 89' lang='lat' dir='ltr'>die</span> <span class='ocrx_word' id='word_1_16' title='bbox 667 461 765 522; x_wconf 90' lang='lat' dir='ltr'>bilder</span> <span class='ocrx_word' id='word_1_17' title='bbox 786 462 840 522; x_wconf 95' lang='lat' dir='ltr'>der</span> <span class='ocrx_word' id='word_1_18' title='bbox 863 462 960 543; x_wconf 84' lang='lat' dir='ltr'>dinge,</span> <span class='ocrx_word' id='word_1_19' title='bbox 982 494 1028 505; x_wconf 95' lang='lat'><em>-</em></span> <span class='ocrx_word' id='word_1_20' title='bbox 1048 480 1109 523; x_wconf 89' lang='lat' dir='ltr'>was</span> <span class='ocrx_word' id='word_1_21' title='bbox 1132 456 1173 524; x_wconf 86' lang='lat' dir='ltr'>im</span> 
     </span>
     <span class='ocr_line' id='line_1_4' title="bbox 162 550 1172 631; baseline -0.004 -17"><span class='ocrx_word' id='word_1_22' title='bbox 162 555 253 614; x_wconf 91' lang='lat' dir='ltr'>liohte</span> <span class='ocrx_word' id='word_1_23' title='bbox 276 552 398 631; x_wconf 84' lang='lat' dir='ltr'>gelegen</span> <span class='ocrx_word' id='word_1_24' title='bbox 417 553 464 610; x_wconf 89' lang='lat' dir='ltr'>ist.</span> <span class='ocrx_word' id='word_1_25' title='bbox 506 553 557 629; x_wconf 92' lang='lat' dir='ltr'>qui</span> <span class='ocrx_word' id='word_1_26' title='bbox 576 552 693 629; x_wconf 82' lang='lat' dir='ltr'>generis</span> <span class='ocrx_word' id='word_1_27' title='bbox 711 552 846 610; x_wconf 83' lang='lat' dir='ltr'><strong>neutrius</strong></span> <span class='ocrx_word' id='word_1_28' title='bbox 864 557 932 629; x_wconf 90' lang='lat' dir='ltr'>post</span> <span class='ocrx_word' id='word_1_29' title='bbox 949 550 1172 612; x_wconf 75' lang='lat' dir='ltr'>antecedentem</span> 
     </span>
     <span class='ocr_line' id='line_1_5' title="bbox 163 636 1173 718; baseline -0.004 -16"><span class='ocrx_word' id='word_1_30' title='bbox 163 660 265 703; x_wconf 88' lang='lat' dir='ltr'>vocem</span> <span class='ocrx_word' id='word_1_31' title='bbox 282 656 332 702; x_wconf 79' lang='lat' dir='ltr'>res</span> <span class='ocrx_word' id='word_1_32' title='bbox 345 642 377 699; x_wconf 91' lang='lat' dir='ltr'>in</span> <span class='ocrx_word' id='word_1_33' title='bbox 391 641 543 699; x_wconf 88' lang='lat' dir='ltr'>enuntiato</span> <span class='ocrx_word' id='word_1_34' title='bbox 557 638 679 698; x_wconf 87' lang='lat' dir='ltr'>relativo</span> <span class='ocrx_word' id='word_1_35' title='bbox 693 655 765 698; x_wconf 92' lang='lat' dir='ltr'>usus</span> <span class='ocrx_word' id='word_1_36' title='bbox 783 636 834 718; x_wconf 93' lang='lat' dir='ltr'>ibi,</span> <span class='ocrx_word' id='word_1_37' title='bbox 852 636 904 697; x_wconf 92' lang='lat' dir='ltr'>ubi</span> <span class='ocrx_word' id='word_1_38' title='bbox 918 656 1014 717; x_wconf 86' lang='lat' dir='ltr'>neque</span> <span class='ocrx_word' id='word_1_39' title='bbox 1029 637 1173 718; x_wconf 80' lang='lat' dir='ltr'>ambigui-</span> 
     </span>
     <span class='ocr_line' id='line_1_6' title="bbox 163 727 1174 806; baseline -0.003 -15"><span class='ocrx_word' id='word_1_40' title='bbox 163 737 254 791; x_wconf 81' lang='lat' dir='ltr'>tatem</span> <span class='ocrx_word' id='word_1_41' title='bbox 282 728 371 788; x_wconf 89' lang='lat' dir='ltr'>habet</span> <span class='ocrx_word' id='word_1_42' title='bbox 396 745 493 806; x_wconf 88' lang='lat' dir='ltr'>neque</span> <span class='ocrx_word' id='word_1_43' title='bbox 520 728 794 805; x_wconf 80' lang='lat' dir='ltr'>inconcinnitatem,</span> <span class='ocrx_word' id='word_1_44' title='bbox 821 727 940 785; x_wconf 91' lang='lat' dir='ltr'>omnino</span> <span class='ocrx_word' id='word_1_45' title='bbox 967 728 1091 787; x_wconf 82' lang='lat' dir='ltr'>vitiosus</span> <span class='ocrx_word' id='word_1_46' title='bbox 1113 746 1174 788; x_wconf 92' lang='lat' dir='ltr'>non</span> 
     </span>
     <span class='ocr_line' id='line_1_7' title="bbox 157 809 1175 898; baseline 0 -20"><span class='ocrx_word' id='word_1_47' title='bbox 157 812 220 898; x_wconf 87' lang='lat' dir='ltr'>est,</span> <span class='ocrx_word' id='word_1_48' title='bbox 241 823 275 877; x_wconf 91' lang='lat' dir='ltr'>ut</span> <span class='ocrx_word' id='word_1_49' title='bbox 296 818 329 876; x_wconf 90' lang='lat' dir='ltr'>in</span> <span class='ocrx_word' id='word_1_50' title='bbox 346 815 396 874; x_wconf 96' lang='lat' dir='ltr'>illo</span> <span class='ocrx_word' id='word_1_51' title='bbox 415 835 441 875; x_wconf 84' lang='lat' dir='ltr'>v.</span> <span class='ocrx_word' id='word_1_52' title='bbox 459 814 499 874; x_wconf 94' lang='lat' dir='ltr'>lll</span> <span class='ocrx_word' id='word_1_53' title='bbox 518 811 583 876; x_wconf 88' lang='grc'>184</span> <span class='ocrx_word' id='word_1_54' title='bbox 601 833 645 892; x_wconf 90' lang='lat' dir='ltr'>sq.</span> <span class='ocrx_word' id='word_1_55' title='bbox 663 831 757 892; x_wconf 80' lang='lat' dir='ltr'>quom</span> <span class='ocrx_word' id='word_1_56' title='bbox 774 829 823 875; x_wconf 81' lang='lat' dir='ltr'>res</span> <span class='ocrx_word' id='word_1_57' title='bbox 841 860 848 873; x_wconf 89' lang='lat'>.</span> <span class='ocrx_word' id='word_1_58' title='bbox 864 861 870 874; x_wconf 93' lang='lat'><strong><em>.</em></strong></span> <span class='ocrx_word' id='word_1_59' title='bbox 888 809 962 890; x_wconf 77' lang='lat' dir='ltr'>olla,</span> <span class='ocrx_word' id='word_1_60' title='bbox 986 817 1057 876; x_wconf 77' lang='lat' dir='ltr'>ante</span> <span class='ocrx_word' id='word_1_61' title='bbox 1074 811 1175 878; x_wconf 78' lang='lat' dir='ltr'>oeulos</span> 
     </span>
     <span class='ocr_line' id='line_1_8' title="bbox 164 900 1174 984; baseline -0.002 -18"><span class='ocrx_word' id='word_1_62' title='bbox 164 922 294 984; x_wconf 77' lang='lat' dir='ltr'>quorum</span> <span class='ocrx_word' id='word_1_63' title='bbox 313 951 319 964; x_wconf 93' lang='lat'><strong>.</strong></span> <span class='ocrx_word' id='word_1_64' title='bbox 335 951 341 963; x_wconf 92' lang='lat'>.</span> <span class='ocrx_word' id='word_1_65' title='bbox 357 949 363 964; x_wconf 91' lang='lat'><strong>.</strong></span> <span class='ocrx_word' id='word_1_66' title='bbox 382 905 499 965; x_wconf 76' lang='lat' dir='ltr'>natura</span> <span class='ocrx_word' id='word_1_67' title='bbox 517 900 644 964; x_wconf 75' lang='lat' dir='ltr'>uidetur.</span> <span class='ocrx_word' id='word_1_68' title='bbox 682 902 736 961; x_wconf 92' lang='lat' dir='ltr'>alia</span> <span class='ocrx_word' id='word_1_69' title='bbox 756 904 816 962; x_wconf 88' lang='lat' dir='ltr'>sive</span> <span class='ocrx_word' id='word_1_70' title='bbox 834 900 955 962; x_wconf 89' lang='lat' dir='ltr'>libertas</span> <span class='ocrx_word' id='word_1_71' title='bbox 975 905 1036 962; x_wconf 84' lang='lat' dir='ltr'>sive</span> <span class='ocrx_word' id='word_1_72' title='bbox 1055 903 1174 964; x_wconf 88' lang='lat' dir='ltr'>licentia</span> 
     </span>
     <span class='ocr_line' id='line_1_9' title="bbox 165 989 1174 1072; baseline -0.001 -19"><span class='ocrx_word' id='word_1_73' title='bbox 165 1012 182 1053; x_wconf 94' lang='lat' dir='ltr'>a</span> <span class='ocrx_word' id='word_1_74' title='bbox 215 994 473 1071; x_wconf 83' lang='lat' dir='ltr'>grammaticorum</span> <span class='ocrx_word' id='word_1_75' title='bbox 505 992 661 1051; x_wconf 91' lang='lat' dir='ltr'>severitate</span> <span class='ocrx_word' id='word_1_76' title='bbox 692 989 836 1050; x_wconf 89' lang='lat' dir='ltr'>recedens</span> <span class='ocrx_word' id='word_1_77' title='bbox 869 997 914 1050; x_wconf 87' lang='lat' dir='ltr'>est</span> <span class='ocrx_word' id='word_1_78' title='bbox 945 992 976 1050; x_wconf 92' lang='lat' dir='ltr'>in</span> <span class='ocrx_word' id='word_1_79' title='bbox 1004 989 1174 1072; x_wconf 86' lang='lat' dir='ltr'>collectivis,</span> 
     </span>
     <span class='ocr_line' id='line_1_10' title="bbox 165 1075 1175 1159; baseline 0 -18"><span class='ocrx_word' id='word_1_80' title='bbox 165 1081 245 1142; x_wconf 88' lang='lat' dir='ltr'>velut</span> <span class='ocrx_word' id='word_1_81' title='bbox 271 1080 284 1141; x_wconf 97' lang='lat' dir='ltr'>l</span> <span class='ocrx_word' id='word_1_82' title='bbox 310 1076 375 1140; x_wconf 82' lang='lat'>345</span> <span class='ocrx_word' id='word_1_83' title='bbox 401 1098 457 1159; x_wconf 88' lang='lat' dir='ltr'>sq,</span> <span class='ocrx_word' id='word_1_84' title='bbox 483 1077 536 1138; x_wconf 96' lang='lat' dir='ltr'>ubi</span> <span class='ocrx_word' id='word_1_85' title='bbox 563 1078 687 1156; x_wconf 85' lang='lat' dir='ltr'>legimus</span> <span class='ocrx_word' id='word_1_86' title='bbox 715 1075 862 1139; x_wconf 77' lang='lat' dir='ltr'>arbusta.</span> <span class='ocrx_word' id='word_1_87' title='bbox 878 1124 898 1157; x_wconf 93' lang='lat'>.,</span> <span class='ocrx_word' id='word_1_88' title='bbox 925 1076 1007 1156; x_wconf 80' lang='lat' dir='ltr'>quod</span> <span class='ocrx_word' id='word_1_89' title='bbox 1033 1076 1070 1139; x_wconf 78' lang='lat' dir='ltr'>in</span> <span class='ocrx_word' id='word_1_90' title='bbox 1096 1081 1175 1141; x_wconf 79' lang='lat' dir='ltr'>totas</span> 
     </span>
     <span class='ocr_line' id='line_1_11' title="bbox 167 1165 1174 1246; baseline -0.001 -17"><span class='ocrx_word' id='word_1_91' title='bbox 167 1169 229 1230; x_wconf 90' lang='lat' dir='ltr'>soil.</span> <span class='ocrx_word' id='word_1_92' title='bbox 261 1165 397 1246; x_wconf 77' lang='lat' dir='ltr'>arboreo,</span> <span class='ocrx_word' id='word_1_93' title='bbox 429 1185 465 1226; x_wconf 85' lang='lat' dir='ltr'>ex</span> <span class='ocrx_word' id='word_1_94' title='bbox 500 1165 547 1226; x_wconf 93' lang='lat' dir='ltr'>his</span> <span class='ocrx_word' id='word_1_95' title='bbox 578 1168 658 1225; x_wconf 87' lang='lat' dir='ltr'>enim</span> <span class='ocrx_word' id='word_1_96' title='bbox 690 1165 810 1226; x_wconf 90' lang='lat' dir='ltr'>arbusta</span> <span class='ocrx_word' id='word_1_97' title='bbox 843 1172 985 1226; x_wconf 87' lang='lat' dir='ltr'>constant.</span> <span class='ocrx_word' id='word_1_98' title='bbox 1039 1170 1174 1244; x_wconf 82' lang='lat' dir='ltr'>proxima</span> 
     </span>
     <span class='ocr_line' id='line_1_12' title="bbox 166 1250 1175 1334; baseline 0.001 -18"><span class='ocrx_word' id='word_1_99' title='bbox 166 1256 236 1317; x_wconf 93' lang='lat' dir='ltr'>huic</span> <span class='ocrx_word' id='word_1_100' title='bbox 254 1257 357 1334; x_wconf 84' lang='lat' dir='ltr'>generi</span> <span class='ocrx_word' id='word_1_101' title='bbox 375 1261 452 1334; x_wconf 88' lang='lat' dir='ltr'>sunt,</span> <span class='ocrx_word' id='word_1_102' title='bbox 471 1253 567 1332; x_wconf 92' lang='lat' dir='ltr'>qualia</span> <span class='ocrx_word' id='word_1_103' title='bbox 587 1261 746 1315; x_wconf 88' lang='lat' dir='ltr'>occurrunt</span> <span class='ocrx_word' id='word_1_104' title='bbox 764 1250 1175 1332; x_wconf 75' lang='lat' dir='ltr'>l.llv.1749ercusbuma-</span> 
     </span>
     <span class='ocr_line' id='line_1_13' title="bbox 166 1337 1173 1421; baseline 0 -17"><span class='ocrx_word' id='word_1_105' title='bbox 166 1360 250 1404; x_wconf 80' lang='lat' dir='ltr'>oum.</span> <span class='ocrx_word' id='word_1_106' title='bbox 296 1359 426 1421; x_wconf 78' lang='lat' dir='ltr'>quorum</span> <span class='ocrx_word' id='word_1_107' title='bbox 448 1357 543 1403; x_wconf 76' lang='lat' dir='ltr'>cauea</span> <span class='ocrx_word' id='word_1_108' title='bbox 566 1349 596 1401; x_wconf 89' lang='lat' dir='ltr'>et</span> <span class='ocrx_word' id='word_1_109' title='bbox 617 1340 641 1399; x_wconf 90' lang='lat' dir='ltr'>V</span> <span class='ocrx_word' id='word_1_110' title='bbox 664 1337 729 1402; x_wconf 78' lang='lat'>975</span> <span class='ocrx_word' id='word_1_111' title='bbox 752 1359 815 1419; x_wconf 87' lang='lat' dir='ltr'><strong>sqq.</strong></span> <span class='ocrx_word' id='word_1_112' title='bbox 838 1337 985 1403; x_wconf 79' lang='lat' dir='ltr'>mortalia</span> <span class='ocrx_word' id='word_1_113' title='bbox 1005 1339 1108 1404; x_wconf 82' lang='lat' dir='ltr'>saecla</span> <span class='ocrx_word' id='word_1_114' title='bbox 1123 1391 1130 1403; x_wconf 87' lang='lat'><strong>.</strong></span> <span class='ocrx_word' id='word_1_115' title='bbox 1146 1391 1173 1404; x_wconf 89' lang='lat'>..</span> 
     </span>
     <span class='ocr_line' id='line_1_14' title="bbox 166 1428 1175 1509; baseline 0.001 -18"><span class='ocrx_word' id='word_1_116' title='bbox 166 1447 249 1492; x_wconf 79' lang='lat' dir='ltr'>ocos</span> <span class='ocrx_word' id='word_1_117' title='bbox 279 1428 406 1509; x_wconf 79' lang='lat' dir='ltr'>quisque</span> <span class='ocrx_word' id='word_1_118' title='bbox 437 1447 554 1509; x_wconf 77' lang='lat' dir='ltr'>eorum,</span> <span class='ocrx_word' id='word_1_119' title='bbox 591 1428 686 1508; x_wconf 90' lang='lat' dir='ltr'>qualia</span> <span class='ocrx_word' id='word_1_120' title='bbox 717 1436 816 1489; x_wconf 87' lang='lat' dir='ltr'>tamen</span> <span class='ocrx_word' id='word_1_121' title='bbox 848 1448 885 1489; x_wconf 87' lang='lat' dir='ltr'>ne</span> <span class='ocrx_word' id='word_1_122' title='bbox 918 1433 1023 1509; x_wconf 88' lang='lat' dir='ltr'>optimi</span> <span class='ocrx_word' id='word_1_123' title='bbox 1054 1431 1175 1509; x_wconf 91' lang='lat' dir='ltr'>quidem</span> 
     </span>
     <span class='ocr_line' id='line_1_15' title="bbox 170 1518 1174 1596; baseline 0.001 -17"><span class='ocrx_word' id='word_1_124' title='bbox 170 1537 276 1579; x_wconf 85' lang='lat' dir='ltr'>aureae</span> <span class='ocrx_word' id='word_1_125' title='bbox 296 1520 399 1578; x_wconf 89' lang='lat' dir='ltr'>aetatis</span> <span class='ocrx_word' id='word_1_126' title='bbox 419 1520 579 1596; x_wconf 87' lang='lat' dir='ltr'>scriptores</span> <span class='ocrx_word' id='word_1_127' title='bbox 597 1520 702 1577; x_wconf 82' lang='lat' dir='ltr'>vitiosa</span> <span class='ocrx_word' id='word_1_128' title='bbox 721 1535 787 1578; x_wconf 89' lang='lat' dir='ltr'>esse</span> <span class='ocrx_word' id='word_1_129' title='bbox 805 1525 956 1596; x_wconf 90' lang='lat' dir='ltr'>putarunt.</span> <span class='ocrx_word' id='word_1_130' title='bbox 998 1518 1076 1596; x_wconf 93' lang='lat' dir='ltr'>quod</span> <span class='ocrx_word' id='word_1_131' title='bbox 1094 1519 1174 1580; x_wconf 91' lang='lat' dir='ltr'>idem</span> 
     </span>
     <span class='ocr_line' id='line_1_16' title="bbox 168 1601 1175 1689; baseline 0.002 -21"><span class='ocrx_word' id='word_1_132' title='bbox 168 1607 314 1668; x_wconf 86' lang='lat' dir='ltr'>contendo</span> <span class='ocrx_word' id='word_1_133' title='bbox 342 1606 378 1666; x_wconf 88' lang='lat' dir='ltr'>de</span> <span class='ocrx_word' id='word_1_134' title='bbox 406 1623 441 1665; x_wconf 93' lang='lat' dir='ltr'>eo</span> <span class='ocrx_word' id='word_1_135' title='bbox 469 1606 547 1685; x_wconf 91' lang='lat' dir='ltr'>quod</span> <span class='ocrx_word' id='word_1_136' title='bbox 575 1614 620 1667; x_wconf 90' lang='lat' dir='ltr'>est</span> <span class='ocrx_word' id='word_1_137' title='bbox 646 1604 683 1665; x_wconf 87' lang='lat' dir='ltr'>lV</span> <span class='ocrx_word' id='word_1_138' title='bbox 706 1601 771 1666; x_wconf 82' lang='lat'>915</span> <span class='ocrx_word' id='word_1_139' title='bbox 796 1603 892 1667; x_wconf 64' lang='lat' dir='ltr'>aerim</span> <span class='ocrx_word' id='word_1_140' title='bbox 914 1604 1077 1688; x_wconf 66' lang='lat' dir='ltr'>dureo...,</span> <span class='ocrx_word' id='word_1_141' title='bbox 1099 1605 1175 1689; x_wconf 74' lang='lat' dir='ltr'>eiua,</span> 
     </span>
     <span class='ocr_line' id='line_1_17' title="bbox 168 1693 1173 1774; baseline -0.001 -17"><span class='ocrx_word' id='word_1_142' title='bbox 168 1699 199 1757; x_wconf 90' lang='lat' dir='ltr'>in</span> <span class='ocrx_word' id='word_1_143' title='bbox 228 1714 286 1774; x_wconf 90' lang='lat' dir='ltr'>quo</span> <span class='ocrx_word' id='word_1_144' title='bbox 308 1694 513 1755; x_wconf 89' lang='lat' dir='ltr'>Lachmannus</span> <span class='ocrx_word' id='word_1_145' title='bbox 541 1694 675 1773; x_wconf 81' lang='lat' dir='ltr'>offendit,</span> <span class='ocrx_word' id='word_1_146' title='bbox 703 1696 787 1773; x_wconf 90' lang='lat' dir='ltr'>quasi</span> <span class='ocrx_word' id='word_1_147' title='bbox 814 1711 874 1753; x_wconf 87' lang='lat' dir='ltr'>non</span> <span class='ocrx_word' id='word_1_148' title='bbox 897 1693 1005 1756; x_wconf 85' lang='lat' dir='ltr'>Caesar</span> <span class='ocrx_word' id='word_1_149' title='bbox 1030 1695 1066 1756; x_wconf 91' lang='lat' dir='ltr'>de</span> <span class='ocrx_word' id='word_1_150' title='bbox 1090 1695 1118 1756; x_wconf 89' lang='lat' dir='ltr'>b.</span> <span class='ocrx_word' id='word_1_151' title='bbox 1142 1695 1173 1756; x_wconf 87' lang='lat' dir='ltr'>G.</span> 
     </span>
     <span class='ocr_line' id='line_1_18' title="bbox 168 1779 1174 1864; baseline 0.002 -21"><span class='ocrx_word' id='word_1_152' title='bbox 168 1781 242 1845; x_wconf 86' lang='lat'>140</span> <span class='ocrx_word' id='word_1_153' title='bbox 261 1785 417 1862; x_wconf 88' lang='lat' dir='ltr'>scripserit</span> <span class='ocrx_word' id='word_1_154' title='bbox 433 1779 538 1845; x_wconf 73' lang='lat' dir='ltr'>seroib</span> <span class='ocrx_word' id='word_1_155' title='bbox 554 1779 693 1857; x_wconf 77' lang='lat' dir='ltr'>tumulto,</span> <span class='ocrx_word' id='word_1_156' title='bbox 716 1797 802 1859; x_wconf 80' lang='lat' dir='ltr'>quos</span> <span class='ocrx_word' id='word_1_157' title='bbox 820 1783 923 1843; x_wconf 75' lang='lat' dir='ltr'>temero</span> <span class='ocrx_word' id='word_1_158' title='bbox 941 1789 972 1842; x_wconf 89' lang='lat' dir='ltr'>et</span> <span class='ocrx_word' id='word_1_159' title='bbox 988 1801 1048 1843; x_wconf 89' lang='lat' dir='ltr'>non</span> <span class='ocrx_word' id='word_1_160' title='bbox 1066 1786 1174 1864; x_wconf 88' lang='lat' dir='ltr'>minus,</span> 
     </span>
     <span class='ocr_line' id='line_1_19' title="bbox 169 1869 1176 1949; baseline 0.002 -19"><span class='ocrx_word' id='word_1_161' title='bbox 169 1874 196 1931; x_wconf 92' lang='lat' dir='ltr'>si</span> <span class='ocrx_word' id='word_1_162' title='bbox 228 1872 274 1931; x_wconf 93' lang='lat' dir='ltr'>dis</span> <span class='ocrx_word' id='word_1_163' title='bbox 305 1870 402 1949; x_wconf 87' lang='lat' dir='ltr'>placet</span> <span class='ocrx_word' id='word_1_164' title='bbox 433 1878 463 1930; x_wconf 86' lang='lat' dir='ltr'>et</span> <span class='ocrx_word' id='word_1_165' title='bbox 495 1873 706 1949; x_wconf 86' lang='lat' dir='ltr'>grammaticis,</span> <span class='ocrx_word' id='word_1_166' title='bbox 739 1869 854 1930; x_wconf 91' lang='lat' dir='ltr'>soelooe</span> <span class='ocrx_word' id='word_1_167' title='bbox 883 1869 1043 1931; x_wconf 89' lang='lat' dir='ltr'>Schillerus</span> <span class='ocrx_word' id='word_1_168' title='bbox 1073 1879 1176 1932; x_wconf 90' lang='lat' dir='ltr'>noster</span> 
     </span>
     <span class='ocr_line' id='line_1_20' title="bbox 170 1956 1176 2037; baseline 0.002 -19"><span class='ocrx_word' id='word_1_169' title='bbox 170 1961 227 2018; x_wconf 90' lang='lat' dir='ltr'>ein</span> <span class='ocrx_word' id='word_1_170' title='bbox 261 1958 481 2018; x_wconf 89' lang='lat' dir='ltr'>streitendes</span> <span class='ocrx_word' id='word_1_171' title='bbox 513 1956 796 2037; x_wconf 82' lang='lat' dir='ltr'>gestaltenbeer,</span> <span class='ocrx_word' id='word_1_172' title='bbox 829 1958 885 2018; x_wconf 88' lang='lat' dir='ltr'>die</span> <span class='ocrx_word' id='word_1_173' title='bbox 918 1960 1021 2019; x_wconf 89' lang='lat' dir='ltr'>seinen</span> <span class='ocrx_word' id='word_1_174' title='bbox 1053 1961 1122 2020; x_wconf 89' lang='lat' dir='ltr'>sinn</span> <span class='ocrx_word' id='word_1_175' title='bbox 1145 1963 1176 2020; x_wconf 92' lang='lat' dir='ltr'>in</span> 
     </span>
     <span class='ocr_line' id='line_1_21' title="bbox 170 2044 1175 2124; baseline 0.005 -19"><span class='ocrx_word' id='word_1_176' title='bbox 170 2044 406 2106; x_wconf 84' lang='lat' dir='ltr'>sklavenbanden</span> <span class='ocrx_word' id='word_1_177' title='bbox 432 2044 552 2104; x_wconf 88' lang='lat' dir='ltr'>hielten.</span> <span class='ocrx_word' id='word_1_178' title='bbox 599 2045 634 2104; x_wconf 87' lang='lat' dir='ltr'>cs.</span> <span class='ocrx_word' id='word_1_179' title='bbox 662 2047 751 2104; x_wconf 90' lang='lat' dir='ltr'>etiam</span> <span class='ocrx_word' id='word_1_180' title='bbox 781 2063 856 2124; x_wconf 91' lang='lat' dir='ltr'>quae</span> <span class='ocrx_word' id='word_1_181' title='bbox 883 2045 959 2106; x_wconf 85' lang='lat' dir='ltr'>infra</span> <span class='ocrx_word' id='word_1_182' title='bbox 987 2046 1023 2106; x_wconf 92' lang='lat' dir='ltr'>ad</span> <span class='ocrx_word' id='word_1_183' title='bbox 1050 2046 1087 2107; x_wconf 86' lang='lat' dir='ltr'>lV</span> <span class='ocrx_word' id='word_1_184' title='bbox 1112 2044 1175 2110; x_wconf 84' lang='lat'>165</span> 
     </span>
     <span class='ocr_line' id='line_1_22' title="bbox 170 2130 445 2197; baseline -0.007 -3"><span class='ocrx_word' id='word_1_185' title='bbox 170 2140 199 2194; x_wconf 91' lang='lat' dir='ltr'>et</span> <span class='ocrx_word' id='word_1_186' title='bbox 223 2130 286 2197; x_wconf 81' lang='lat'>782</span> <span class='ocrx_word' id='word_1_187' title='bbox 311 2130 445 2192; x_wconf 91' lang='lat' dir='ltr'>scribam.</span> 
     </span>
    </p>

    <p class='ocr_par' dir='ltr' id='par_1_3' title="bbox 169 2220 1181 3622">
     <span class='ocr_line' id='line_1_23' title="bbox 257 2220 1176 2301; baseline 0.004 -21"><span class='ocrx_word' id='word_1_188' title='bbox 257 2221 360 2300; x_wconf 86' lang='lat' dir='ltr'>Neque</span> <span class='ocrx_word' id='word_1_189' title='bbox 378 2227 477 2280; x_wconf 90' lang='lat' dir='ltr'>tamen</span> <span class='ocrx_word' id='word_1_190' title='bbox 494 2222 539 2280; x_wconf 92' lang='lat' dir='ltr'>eis</span> <span class='ocrx_word' id='word_1_191' title='bbox 553 2220 775 2281; x_wconf 91' lang='lat' dir='ltr'>assentiendum</span> <span class='ocrx_word' id='word_1_192' title='bbox 788 2227 846 2301; x_wconf 92' lang='lat' dir='ltr'>est,</span> <span class='ocrx_word' id='word_1_193' title='bbox 861 2224 912 2300; x_wconf 93' lang='lat' dir='ltr'>qui</span> <span class='ocrx_word' id='word_1_194' title='bbox 926 2222 1039 2283; x_wconf 90' lang='lat' dir='ltr'>nullum</span> <span class='ocrx_word' id='word_1_195' title='bbox 1055 2225 1176 2284; x_wconf 91' lang='lat' dir='ltr'>omnino</span> 
     </span>
     <span class='ocr_line' id='line_1_24' title="bbox 170 2307 1176 2390; baseline 0.002 -20"><span class='ocrx_word' id='word_1_196' title='bbox 170 2311 378 2371; x_wconf 85' lang='lat' dir='ltr'>soloecismum</span> <span class='ocrx_word' id='word_1_197' title='bbox 401 2327 418 2367; x_wconf 93' lang='lat' dir='ltr'>a</span> <span class='ocrx_word' id='word_1_198' title='bbox 435 2307 573 2368; x_wconf 89' lang='lat' dir='ltr'>Lucretio</span> <span class='ocrx_word' id='word_1_199' title='bbox 596 2309 658 2387; x_wconf 85' lang='lat' dir='ltr'>fugi</span> <span class='ocrx_word' id='word_1_200' title='bbox 676 2311 733 2368; x_wconf 90' lang='lat' dir='ltr'>rati</span> <span class='ocrx_word' id='word_1_201' title='bbox 751 2307 843 2369; x_wconf 89' lang='lat' dir='ltr'>scribi</span> <span class='ocrx_word' id='word_1_202' title='bbox 861 2309 1002 2371; x_wconf 90' lang='lat' dir='ltr'>iubebant</span> <span class='ocrx_word' id='word_1_203' title='bbox 1019 2309 1033 2370; x_wconf 90' lang='grc' dir='ltr'>Ι</span> <span class='ocrx_word' id='word_1_204' title='bbox 1052 2307 1116 2372; x_wconf 89' lang='grc'>189</span> <span class='ocrx_word' id='word_1_205' title='bbox 1132 2329 1176 2390; x_wconf 91' lang='lat' dir='ltr'>sq.</span> 
     </span>
     <span class='ocr_line' id='line_1_25' title="bbox 170 2394 1178 2476; baseline 0.001 -17"><span class='ocrx_word' id='word_1_206' title='bbox 170 2395 277 2460; x_wconf 77' lang='lat' dir='ltr'>omnio</span> <span class='ocrx_word' id='word_1_207' title='bbox 373 2398 612 2476; x_wconf 75' lang='lat' dir='ltr'>crescentesque,</span> <span class='ocrx_word' id='word_1_208' title='bbox 646 2398 659 2456; x_wconf 98' lang='lat' dir='ltr'>l</span> <span class='ocrx_word' id='word_1_209' title='bbox 687 2394 752 2458; x_wconf 87' lang='grc'>443</span> <span class='ocrx_word' id='word_1_210' title='bbox 781 2417 823 2476; x_wconf 90' lang='lat' dir='ltr'>sq.</span> <span class='ocrx_word' id='word_1_211' title='bbox 852 2400 908 2459; x_wconf 77' lang='lat' dir='ltr'>aad</span> <span class='ocrx_word' id='word_1_212' title='bbox 935 2394 985 2459; x_wconf 81' lang='lat' dir='ltr'>bis</span> <span class='ocrx_word' id='word_1_213' title='bbox 1015 2395 1178 2461; x_wconf 74' lang='lat' dir='ltr'>melancie</span> 
     </span>
     <span class='ocr_line' id='line_1_26' title="bbox 170 2479 1178 2568; baseline 0.003 -21"><span class='ocrx_word' id='word_1_214' title='bbox 170 2483 289 2547; x_wconf 79' lang='lat' dir='ltr'>duobos</span> <span class='ocrx_word' id='word_1_215' title='bbox 301 2481 391 2546; x_wconf 78' lang='lat' dir='ltr'>rebus</span> <span class='ocrx_word' id='word_1_216' title='bbox 405 2531 411 2544; x_wconf 93' lang='lat'>.</span> <span class='ocrx_word' id='word_1_217' title='bbox 423 2532 446 2545; x_wconf 92' lang='lat'>..</span> <span class='ocrx_word' id='word_1_218' title='bbox 461 2485 518 2546; x_wconf 81' lang='lat' dir='ltr'>aut</span> <span class='ocrx_word' id='word_1_219' title='bbox 528 2481 645 2547; x_wconf 77' lang='lat' dir='ltr'>borum</span> <span class='ocrx_word' id='word_1_220' title='bbox 658 2486 764 2547; x_wconf 78' lang='lat' dir='ltr'>evecto</span> <span class='ocrx_word' id='word_1_221' title='bbox 778 2479 824 2568; x_wconf 82' lang='lat' dir='ltr'>(in</span> <span class='ocrx_word' id='word_1_222' title='bbox 837 2484 938 2546; x_wconf 86' lang='lat' dir='ltr'>Leidd.</span> <span class='ocrx_word' id='word_1_223' title='bbox 953 2494 999 2546; x_wconf 87' lang='lat' dir='ltr'>est</span> <span class='ocrx_word' id='word_1_224' title='bbox 1012 2483 1178 2550; x_wconf 78' lang='lat' dir='ltr'>coaiucoto</span> 
     </span>
     <span class='ocr_line' id='line_1_27' title="bbox 170 2569 1178 2654; baseline 0 -19"><span class='ocrx_word' id='word_1_225' title='bbox 170 2570 292 2636; x_wconf 76' lang='lat' dir='ltr'>duobos</span> <span class='ocrx_word' id='word_1_226' title='bbox 315 2621 321 2632; x_wconf 89' lang='grc'><strong>.</strong></span> <span class='ocrx_word' id='word_1_227' title='bbox 342 2621 348 2632; x_wconf 92' lang='grc'><strong>.</strong></span> <span class='ocrx_word' id='word_1_228' title='bbox 369 2620 374 2632; x_wconf 94' lang='grc'><strong><em>.</em></strong></span> <span class='ocrx_word' id='word_1_229' title='bbox 397 2569 487 2634; x_wconf 78' lang='lat' dir='ltr'>rebus</span> <span class='ocrx_word' id='word_1_230' title='bbox 510 2620 516 2632; x_wconf 92' lang='lat'><em>.</em></span> <span class='ocrx_word' id='word_1_231' title='bbox 537 2619 543 2632; x_wconf 93' lang='lat'><strong>.</strong></span> <span class='ocrx_word' id='word_1_232' title='bbox 563 2620 569 2632; x_wconf 92' lang='lat'>.</span> <span class='ocrx_word' id='word_1_233' title='bbox 592 2570 721 2654; x_wconf 80' lang='lat' dir='ltr'>borum,</span> <span class='ocrx_word' id='word_1_234' title='bbox 752 2579 786 2633; x_wconf 89' lang='lat' dir='ltr'>ut</span> <span class='ocrx_word' id='word_1_235' title='bbox 812 2581 964 2654; x_wconf 85' lang='lat' dir='ltr'>appareat,</span> <span class='ocrx_word' id='word_1_236' title='bbox 992 2581 1100 2652; x_wconf 90' lang='lat' dir='ltr'>quanta</span> <span class='ocrx_word' id='word_1_237' title='bbox 1128 2575 1178 2635; x_wconf 90' lang='lat' dir='ltr'>hic</span> 
     </span>
     <span class='ocr_line' id='line_1_28' title="bbox 171 2653 1180 2744; baseline 0.003 -23"><span class='ocrx_word' id='word_1_238' title='bbox 171 2662 306 2722; x_wconf 89' lang='lat' dir='ltr'>codicum</span> <span class='ocrx_word' id='word_1_239' title='bbox 343 2663 501 2721; x_wconf 89' lang='lat' dir='ltr'>auotoritas</span> <span class='ocrx_word' id='word_1_240' title='bbox 538 2679 603 2721; x_wconf 91' lang='lat' dir='ltr'>esse</span> <span class='ocrx_word' id='word_1_241' title='bbox 641 2653 774 2744; x_wconf 87' lang='lat' dir='ltr'>debeat),</span> <span class='ocrx_word' id='word_1_242' title='bbox 810 2660 848 2719; x_wconf 90' lang='lat' dir='ltr'>lV</span> <span class='ocrx_word' id='word_1_243' title='bbox 883 2659 927 2724; x_wconf 90' lang='grc'>60</span> <span class='ocrx_word' id='word_1_244' title='bbox 958 2680 1022 2741; x_wconf 91' lang='lat' dir='ltr'>sqq.</span> <span class='ocrx_word' id='word_1_245' title='bbox 1059 2658 1180 2724; x_wconf 65' lang='lat' dir='ltr'>lubrica</span> 
     </span>
     <span class='ocr_line' id='line_1_29' title="bbox 169 2745 1178 2828; baseline 0 -18"><span class='ocrx_word' id='word_1_246' title='bbox 169 2765 293 2828; x_wconf 73' lang='lat' dir='ltr'>saperes</span> <span class='ocrx_word' id='word_1_247' title='bbox 308 2797 313 2808; x_wconf 96' lang='lat'>.</span> <span class='ocrx_word' id='word_1_248' title='bbox 330 2797 336 2807; x_wconf 95' lang='lat'><strong><em>.</em></strong></span> <span class='ocrx_word' id='word_1_249' title='bbox 352 2769 372 2807; x_wconf 92' lang='lat'>.:</span> <span class='ocrx_word' id='word_1_250' title='bbox 403 2745 549 2828; x_wconf 79' lang='lat' dir='ltr'>illorum,</span> <span class='ocrx_word' id='word_1_251' title='bbox 581 2750 653 2827; x_wconf 91' lang='lat' dir='ltr'>quin</span> <span class='ocrx_word' id='word_1_252' title='bbox 687 2751 774 2808; x_wconf 91' lang='lat' dir='ltr'>etiam</span> <span class='ocrx_word' id='word_1_253' title='bbox 806 2748 843 2808; x_wconf 88' lang='lat' dir='ltr'>IV</span> <span class='ocrx_word' id='word_1_254' title='bbox 870 2746 933 2812; x_wconf 79' lang='grc'>267</span> <span class='ocrx_word' id='word_1_255' title='bbox 966 2747 1003 2810; x_wconf 77' lang='lat' dir='ltr'>a&#39;n</span> <span class='ocrx_word' id='word_1_256' title='bbox 1033 2767 1104 2811; x_wconf 82' lang='lat' dir='ltr'>eum</span> <span class='ocrx_word' id='word_1_257' title='bbox 1137 2768 1178 2810; x_wconf 90' lang='lat' dir='ltr'>so.</span> 
     </span>
     <span class='ocr_line' id='line_1_30' title="bbox 169 2833 1179 2918; baseline 0 -20"><span class='ocrx_word' id='word_1_258' title='bbox 169 2833 325 2918; x_wconf 73' lang='lat' dir='ltr'>speculum</span> <span class='ocrx_word' id='word_1_259' title='bbox 356 2836 429 2896; x_wconf 86' lang='lat' dir='ltr'>ferri</span> <span class='ocrx_word' id='word_1_260' title='bbox 459 2854 547 2914; x_wconf 93' lang='lat' dir='ltr'>posse</span> <span class='ocrx_word' id='word_1_261' title='bbox 579 2843 732 2915; x_wconf 87' lang='lat' dir='ltr'>putarunt:</span> <span class='ocrx_word' id='word_1_262' title='bbox 765 2854 839 2914; x_wconf 91' lang='lat' dir='ltr'>quos</span> <span class='ocrx_word' id='word_1_263' title='bbox 871 2839 916 2896; x_wconf 89' lang='lat' dir='ltr'>rei</span> <span class='ocrx_word' id='word_1_264' title='bbox 943 2839 1089 2898; x_wconf 85' lang='lat' dir='ltr'>rationem</span> <span class='ocrx_word' id='word_1_265' title='bbox 1118 2856 1179 2898; x_wconf 92' lang='lat' dir='ltr'>non</span> 
     </span>
     <span class='ocr_line' id='line_1_31' title="bbox 170 2924 1180 3004; baseline 0.002 -18"><span class='ocrx_word' id='word_1_266' title='bbox 170 2927 359 3004; x_wconf 83' lang='lat' dir='ltr'>perspexisse</span> <span class='ocrx_word' id='word_1_267' title='bbox 378 2924 606 2984; x_wconf 86' lang='lat' dir='ltr'>existimandum</span> <span class='ocrx_word' id='word_1_268' title='bbox 625 2931 678 2984; x_wconf 88' lang='lat' dir='ltr'>est.</span> <span class='ocrx_word' id='word_1_269' title='bbox 710 2941 861 3002; x_wconf 90' lang='lat' dir='ltr'>nunquam</span> <span class='ocrx_word' id='word_1_270' title='bbox 874 2927 955 2985; x_wconf 88' lang='lat' dir='ltr'>enim</span> <span class='ocrx_word' id='word_1_271' title='bbox 970 2925 1180 2988; x_wconf 89' lang='lat' dir='ltr'>soloecismum</span> 
     </span>
     <span class='ocr_line' id='line_1_32' title="bbox 171 3011 1179 3092; baseline 0 -18"><span class='ocrx_word' id='word_1_272' title='bbox 171 3014 300 3074; x_wconf 87' lang='lat' dir='ltr'>admittit</span> <span class='ocrx_word' id='word_1_273' title='bbox 325 3011 495 3091; x_wconf 87' lang='lat' dir='ltr'>Lucretius,</span> <span class='ocrx_word' id='word_1_274' title='bbox 527 3013 586 3072; x_wconf 88' lang='lat' dir='ltr'>nisi</span> <span class='ocrx_word' id='word_1_275' title='bbox 616 3014 657 3072; x_wconf 91' lang='lat' dir='ltr'>ita</span> <span class='ocrx_word' id='word_1_276' title='bbox 689 3014 716 3071; x_wconf 91' lang='lat' dir='ltr'>si</span> <span class='ocrx_word' id='word_1_277' title='bbox 748 3030 835 3090; x_wconf 87' lang='lat' dir='ltr'>quam</span> <span class='ocrx_word' id='word_1_278' title='bbox 865 3014 896 3071; x_wconf 91' lang='lat' dir='ltr'>in</span> <span class='ocrx_word' id='word_1_279' title='bbox 923 3031 1012 3073; x_wconf 87' lang='lat' dir='ltr'>versu</span> <span class='ocrx_word' id='word_1_280' title='bbox 1039 3013 1179 3092; x_wconf 83' lang='lat' dir='ltr'>lingendo</span> 
     </span>
     <span class='ocr_line' id='line_1_33' title="bbox 171 3099 1180 3163; baseline 0.003 -3"><span class='ocrx_word' id='word_1_281' title='bbox 171 3100 409 3161; x_wconf 87' lang='lat' dir='ltr'>commoditatem</span> <span class='ocrx_word' id='word_1_282' title='bbox 440 3099 510 3159; x_wconf 87' lang='lat' dir='ltr'>inde</span> <span class='ocrx_word' id='word_1_283' title='bbox 542 3099 652 3160; x_wconf 88' lang='lat' dir='ltr'>lucrari</span> <span class='ocrx_word' id='word_1_284' title='bbox 682 3099 812 3160; x_wconf 87' lang='lat' dir='ltr'>videtur:</span> <span class='ocrx_word' id='word_1_285' title='bbox 847 3099 928 3160; x_wconf 87' lang='lat' dir='ltr'>velut</span> <span class='ocrx_word' id='word_1_286' title='bbox 962 3099 1082 3161; x_wconf 86' lang='lat' dir='ltr'>difficile</span> <span class='ocrx_word' id='word_1_287' title='bbox 1116 3109 1180 3163; x_wconf 90' lang='lat' dir='ltr'>erat</span> 
     </span>
     <span class='ocr_line' id='line_1_34' title="bbox 171 3181 1180 3271; baseline 0 -21"><span class='ocrx_word' id='word_1_288' title='bbox 171 3188 184 3249; x_wconf 97' lang='lat' dir='ltr'>l</span> <span class='ocrx_word' id='word_1_289' title='bbox 212 3185 252 3250; x_wconf 84' lang='lat'>51</span> <span class='ocrx_word' id='word_1_290' title='bbox 292 3207 379 3248; x_wconf 82' lang='lat' dir='ltr'>versu</span> <span class='ocrx_word' id='word_1_291' title='bbox 416 3187 515 3247; x_wconf 90' lang='lat' dir='ltr'>dioere</span> <span class='ocrx_word' id='word_1_292' title='bbox 552 3181 629 3271; x_wconf 89' lang='lat' dir='ltr'>(res)</span> <span class='ocrx_word' id='word_1_293' title='bbox 661 3185 787 3250; x_wconf 81' lang='lat' dir='ltr'>eosdem</span> <span class='ocrx_word' id='word_1_294' title='bbox 816 3189 997 3267; x_wconf 78' lang='lat' dir='ltr'>peremptus</span> <span class='ocrx_word' id='word_1_295' title='bbox 1028 3188 1180 3250; x_wconf 85' lang='lat' dir='ltr'>resolvere</span> 
     </span>
     <span class='ocr_line' id='line_1_35' title="bbox 171 3275 1181 3357; baseline 0.003 -21"><span class='ocrx_word' id='word_1_296' title='bbox 171 3283 314 3337; x_wconf 88' lang='lat' dir='ltr'>naturam.</span> <span class='ocrx_word' id='word_1_297' title='bbox 356 3294 431 3354; x_wconf 92' lang='lat' dir='ltr'>quae</span> <span class='ocrx_word' id='word_1_298' title='bbox 456 3278 553 3336; x_wconf 91' lang='lat' dir='ltr'>omnia</span> <span class='ocrx_word' id='word_1_299' title='bbox 575 3294 635 3335; x_wconf 90' lang='lat' dir='ltr'>non</span> <span class='ocrx_word' id='word_1_300' title='bbox 657 3278 698 3336; x_wconf 89' lang='lat' dir='ltr'>ita</span> <span class='ocrx_word' id='word_1_301' title='bbox 721 3275 850 3357; x_wconf 89' lang='lat' dir='ltr'>disputo,</span> <span class='ocrx_word' id='word_1_302' title='bbox 873 3284 906 3337; x_wconf 91' lang='lat' dir='ltr'>ut</span> <span class='ocrx_word' id='word_1_303' title='bbox 929 3277 965 3336; x_wconf 90' lang='lat' dir='ltr'>de</span> <span class='ocrx_word' id='word_1_304' title='bbox 984 3276 1079 3356; x_wconf 90' lang='lat' dir='ltr'>laude,</span> <span class='ocrx_word' id='word_1_305' title='bbox 1103 3295 1181 3357; x_wconf 92' lang='lat' dir='ltr'>quae</span> 
     </span>
     <span class='ocr_line' id='line_1_36' title="bbox 172 3363 1181 3448; baseline 0.003 -25"><span class='ocrx_word' id='word_1_306' title='bbox 172 3363 210 3425; x_wconf 92' lang='lat' dir='ltr'>ob</span> <span class='ocrx_word' id='word_1_307' title='bbox 230 3366 376 3425; x_wconf 90' lang='lat' dir='ltr'>sermonis</span> <span class='ocrx_word' id='word_1_308' title='bbox 397 3365 562 3424; x_wconf 87' lang='lat' dir='ltr'>castitatem</span> <span class='ocrx_word' id='word_1_309' title='bbox 579 3363 717 3424; x_wconf 88' lang='lat' dir='ltr'>Lucretio</span> <span class='ocrx_word' id='word_1_310' title='bbox 739 3364 890 3445; x_wconf 88' lang='lat' dir='ltr'>tribuitur,</span> <span class='ocrx_word' id='word_1_311' title='bbox 909 3365 1063 3426; x_wconf 86' lang='lat' dir='ltr'>detrahere</span> <span class='ocrx_word' id='word_1_312' title='bbox 1081 3365 1181 3448; x_wconf 84' lang='lat' dir='ltr'>velim,</span> 
     </span>
     <span class='ocr_line' id='line_1_37' title="bbox 171 3452 1181 3534; baseline 0.001 -20"><span class='ocrx_word' id='word_1_313' title='bbox 171 3454 231 3514; x_wconf 89' lang='lat' dir='ltr'>uisi</span> <span class='ocrx_word' id='word_1_314' title='bbox 254 3453 330 3513; x_wconf 87' lang='lat' dir='ltr'>forte</span> <span class='ocrx_word' id='word_1_315' title='bbox 349 3470 469 3532; x_wconf 88' lang='lat' dir='ltr'>parvam</span> <span class='ocrx_word' id='word_1_316' title='bbox 487 3452 614 3531; x_wconf 90' lang='lat' dir='ltr'>aliquam</span> <span class='ocrx_word' id='word_1_317' title='bbox 632 3460 755 3533; x_wconf 85' lang='lat' dir='ltr'>partem,</span> <span class='ocrx_word' id='word_1_318' title='bbox 779 3453 830 3512; x_wconf 91' lang='lat' dir='ltr'>sed</span> <span class='ocrx_word' id='word_1_319' title='bbox 849 3459 883 3512; x_wconf 88' lang='lat' dir='ltr'>ut</span> <span class='ocrx_word' id='word_1_320' title='bbox 903 3453 1033 3534; x_wconf 89' lang='lat' dir='ltr'>doceam,</span> <span class='ocrx_word' id='word_1_321' title='bbox 1056 3462 1181 3533; x_wconf 92' lang='lat' dir='ltr'>quanto·</span> 
     </span>
     <span class='ocr_line' id='line_1_38' title="bbox 170 3540 1181 3622; baseline 0.002 -20"><span class='ocrx_word' id='word_1_322' title='bbox 170 3559 242 3621; x_wconf 91' lang='lat' dir='ltr'>pere</span> <span class='ocrx_word' id='word_1_323' title='bbox 271 3559 375 3601; x_wconf 88' lang='lat' dir='ltr'>cavere</span> <span class='ocrx_word' id='word_1_324' title='bbox 404 3540 575 3622; x_wconf 90' lang='lat' dir='ltr'>debeamus,</span> <span class='ocrx_word' id='word_1_325' title='bbox 603 3559 640 3600; x_wconf 91' lang='lat' dir='ltr'>ne</span> <span class='ocrx_word' id='word_1_326' title='bbox 669 3547 801 3602; x_wconf 88' lang='lat' dir='ltr'>correcta</span> <span class='ocrx_word' id='word_1_327' title='bbox 828 3541 966 3622; x_wconf 84' lang='lat' dir='ltr'>velimus,</span> <span class='ocrx_word' id='word_1_328' title='bbox 994 3543 1020 3602; x_wconf 90' lang='lat' dir='ltr'>si</span> <span class='ocrx_word' id='word_1_329' title='bbox 1048 3545 1181 3621; x_wconf 91' lang='lat' dir='ltr'>quaein</span> 
     </span>
    </p>
   </div>
   <div class='ocr_carea' id='block_1_3' title="bbox 0 0 1235 3998">
    <p class='ocr_par' dir='ltr' id='par_1_4' title="bbox 0 0 1235 3998">
     <span class='ocr_line' id='line_1_39' title="bbox 0 0 1235 3998; baseline 0 0"><span class='ocrx_word' id='word_1_330' title='bbox 0 0 1235 3998; x_wconf 95' lang='lat' dir='ltr'> </span> 
     </span>
    </p>
   </div>
  </div>
 </body>
</html>
