2438 3998
106 257 169 322 ma
288 220 291 227 ’
592 257 631 311 91

122 421 173 471 ato
192 406 364 484 spurcities,
387 404 490 464 eadem
513 403 604 465 subus
627 405 700 465 haec
723 404 851 465 iucunda
873 404 1004 485 ridetur,

192 492 398 553 insatiabiliter
420 495 475 552 toti
496 500 530 554 ut
551 492 705 554 volvantur
727 492 845 554 ibidem.

235 580 298 641 Hoc
320 583 408 641 etiam
432 588 581 660 superest,
605 584 669 660 ipsa
693 599 780 659 quam
803 581 902 641 dicere
926 581 962 642 de
986 600 1022 642 re

120 677 177 728 980
191 668 347 748 adgredior
370 669 448 748 quod
471 668 630 731 dicendum
651 672 735 749 prius
759 687 824 729 esse
847 669 973 730 ridetur.
1076 693 1117 733 oso

191 757 282 818 multa
305 757 448 818 foramina
471 775 539 818 cum
562 760 651 818 variis
674 759 734 817 sint
757 757 871 817 reddita
894 756 999 837 rebus,

121 860 173 912 995
192 844 330 906 dissimili
352 848 431 906 inter
453 863 485 906 se
508 853 613 906 natura
635 846 768 924 praedita
790 843 899 906 dehent

192 953 257 995 esse
281 942 311 995 et
332 933 441 994 habere
465 952 548 995 suam
570 941 705 995 naturam
729 952 861 1012 quaeque
884 936 1016 1013 viasque.

193 1025 301 1101 quippe
325 1024 436 1083 etenim
458 1025 532 1083 rarii
555 1040 659 1082 sensus
683 1021 881 1082 animantibus
904 1025 1021 1104 insunt,
1090 1017 1096 1029 ’

120 1116 177 1169 985
191 1129 315 1190 quorum
341 1113 465 1189 quisque
489 1125 572 1171 suam
594 1113 714 1189 proprie
733 1128 797 1171 rem
814 1113 942 1190 percipit
960 1113 992 1170 in
1012 1129 1059 1172 se:
1074 1135 1115 1175 999

191 1217 259 1259 nam
282 1205 437 1277 penetrare
460 1197 517 1258 alio
541 1201 655 1258 sonitus
678 1198 793 1276 alioque
817 1216 953 1278 saporem

121 1303 173 1354 999
192 1288 340 1347 cernimus
364 1305 380 1345 e
404 1288 496 1367 sucis,
520 1285 576 1346 alio
599 1287 712 1347 nidoris
736 1286 850 1347 odores
1074 1311 1114 1352 999

191 1382 345 1454 praeterea
366 1391 485 1434 manare
508 1373 587 1435 aliud
610 1394 664 1454 per
687 1393 756 1435 saxa
779 1375 908 1455 ridetur,
1074 1400 1113 1440 aer

192 1470 279 1542 atque
303 1460 381 1522 aliud
404 1460 505 1542 lignis,
529 1461 607 1524 aliud
630 1465 757 1523 transire
780 1481 834 1541 per
857 1482 974 1545 aurum,

120 1559 178 1610 990
191 1557 370 1630 argentoque
393 1551 472 1612 foras
495 1550 574 1611 aliud
597 1554 732 1631 vitroque
755 1569 867 1611 meare:

191 1657 260 1699 nam
282 1638 375 1699 119999
397 1638 452 1699 hac
475 1641 603 1721 species,
626 1638 692 1700 illac
716 1639 796 1700 calor
818 1642 862 1700 ire
884 1641 1016 1723 ridetur,

122 1743 174 1794 985
193 1735 279 1805 atque
303 1727 368 1787 aliis
392 1726 470 1787 aliud
494 1728 581 1788 eitius
604 1731 805 1788 transmittere
829 1728 940 1789 eadem.
1074 1754 1113 1794 cos

192 1815 319 1895 scilicet,
342 1814 371 1874 id
395 1815 461 1875 fieri
484 1818 562 1894 cogit
584 1823 688 1878 natura
710 1818 825 1876 viarum

191 1902 372 1964 multimodis
395 1905 525 1984 varians,
547 1911 580 1965 ut
601 1903 689 1982 paulo
713 1904 894 1965 ostendimus
918 1912 999 1987 ante,
1074 1929 1113 1971 999

121 1998 176 2050 995
191 1999 313 2070 propter
336 1991 511 2052 dissimilem
532 1999 666 2053 naturam
689 2000 826 2071 textaque
849 2011 958 2054 rerum.
1074 2020 1113 2059 oso

236 2079 429 2159 Quapropter,
442 2078 518 2140 bene
531 2080 584 2142 ubi
596 2081 669 2143 haec
683 2082 853 2142 confirmata
865 2089 952 2161 atque
962 2081 1060 2144 locata
1073 2107 1113 2147 oso

121 2184 173 2233 990
193 2170 290 2227 omnia
313 2170 500 2228 constiterint
522 2167 608 2229 nohis
630 2176 785 2249 praeposta
807 2177 921 2249 parata,

192 2256 269 2334 quod
288 2263 433 2336 superest,
451 2256 536 2317 199119
553 2257 623 2318 hinc
641 2260 716 2318 ratio
734 2257 883 2338 reddetur,
902 2270 933 2318 et
946 2260 1045 2320 omnis
1061 2283 1113 2323 rooo

192 2361 279 2404 causa
301 2343 433 2425 patefiet,
456 2363 530 2423 quae
554 2345 627 2406 19991
648 2345 778 2424 pelliciat
800 2348 867 2406 vim.

29 2493 32 2502 ,
104 2439 177 2490 1000
190 2432 337 2510 principio
360 2432 453 2492 fluere
476 2450 493 2492 9
516 2431 612 2511 lapide
635 2433 691 2493 hoc
714 2433 859 2512 permulta
881 2444 1036 2496 necessest

192 2522 317 2601 semina,
340 2523 401 2580 sive
425 2527 551 2600 aestum,
575 2522 626 2598 qui
649 2521 770 2583 discutit
793 2527 861 2582 9999
882 2522 992 2604 plagis,

121 2623 173 2674 995
191 2609 270 2668 inter
293 2610 344 2685 qui
367 2607 493 2687 lapidem
517 2608 716 2687 ferrumquest
739 2629 864 2689 cumque
888 2610 1009 2672 locatus.

191 2695 247 2755 hoc
270 2694 322 2756 ubi
344 2698 474 2756 inanitur
497 2698 625 2775 spatium
647 2697 815 2778 multusque
838 2700 942 2760 racclit
1061 2725 1113 2766 1005

191 2785 223 2843 in
244 2784 341 2844 medio
365 2783 461 2863 locus,
484 2784 630 2863 extemplo
653 2787 814 2864 primordia
837 2788 910 2847 19991

101 2879 175 2930 1995
189 2874 221 2931 19
244 2890 368 2933 vacuum
390 2871 526 2951 prolapsa
549 2873 656 2934 cadunt
679 2877 848 2956 coniuncta,
871 2875 904 2935 fit
926 2883 1018 2954 utque

191 2960 296 3020 anulus
319 2962 382 3038 ipse
406 2967 546 3039 sequatur
568 2968 674 3041 eatque
697 2965 738 3024 ita
761 2981 883 3042 corpore
906 2970 978 3025 toto.

104 3064 171 3114 1000
189 3067 246 3108 uec
268 3066 317 3108 res
340 3047 398 3108 ulla
420 3051 514 3127 magis
536 3051 717 3127 primoribus
739 3067 777 3113 99
799 3051 953 3112 elementis

190 3135 362 3214 indupedita
385 3138 447 3196 suis
470 3144 532 3200 arte
556 3156 667 3199 conexa
690 3139 828 3199 cohaeret
1062 3168 1116 3208 rom

191 3241 277 3302 quam
296 3223 385 3283 validi
407 3224 480 3285 ferri
502 3233 605 3287 natura
628 3234 658 3288 et
680 3227 806 3305 frigidus
828 3228 942 3288 horror.

101 3319 175 3370 1010
191 3329 248 3389 quo
271 3313 370 3372 minus
393 3319 438 3372 est
459 3315 581 3395 mirum,
605 3315 683 3393 quod
707 3315 824 3376 ducitur
847 3335 883 3376 ex
906 3315 1081 3403 elementis,

190 3417 313 3478 corpora
336 3401 363 3460 si
385 3408 536 3479 nequeunt
558 3421 574 3462 9
598 3402 784 3482 1999991999
807 3411 907 3464 coorta

102 3504 171 3554 1995
189 3489 221 3549 in
244 3506 368 3549 vacuum
391 3490 476 3569 ferri,
500 3493 571 3568 quin
595 3489 700 3550 999199
723 3493 787 3570 1999
812 3500 966 3575 sequatur;

429 3575 506 3655 [988
527 3577 583 3657 sq.]
600 3606 641 3628 =
657 3576 720 3640 993
741 3598 782 3659 sq.
