2438 3998
146 226 244 281 LXXX
481 228 484 236 '
508 225 790 283 PROLEGOMENA.

147 372 318 434 Lucretium
340 372 406 434 eliis
428 372 502 434 locis
525 391 585 434 non
607 375 647 433 ite
666 376 791 452 positam
809 376 950 435 inveniri:
970 371 1071 452 sueres
1093 377 1153 435 iam

146 460 325 542 Wakefield,
348 459 400 522 sed
418 463 518 540 inepte
537 462 593 522 sic:
613 457 745 541 plenior,
767 463 798 524 et
814 459 914 541 fueris
935 458 1019 524 sotio.
1052 481 1153 523 assen-

146 551 220 610 titur
236 548 310 609 mihi
328 547 499 610 Giussanus.
532 549 602 609 olim
621 549 760 610 audacius
779 553 963 611 conieceram
975 547 1100 630 plenior
1115 569 1154 613 ex

147 636 287 715 epulo.
318 635 522 698 Lachmannus
536 636 752 717 etBerneysius
766 645 804 719 et,
822 637 900 718 quod
918 641 1046 720 mireris,
1064 641 1153 700 etiam

148 725 295 786 Madvicus
323 725 482 806 denotare,
514 728 597 805 quasi
625 724 661 786 de
688 724 825 786 Memmio
852 726 909 787 hoc
935 726 1063 807 dicatur,
1092 746 1153 788 non

148 812 184 873 de
203 812 342 892 quolibet.
373 831 428 894 pro
446 810 583 894 effluens
599 811 716 875 Lechm.
736 821 766 874 et
784 810 897 877 loceris
915 817 1042 896 scripsit,
1060 814 1152 876 Madv.

147 908 176 961 et
192 898 323 983 froterio,
344 909 504 982 utrumque
527 919 619 981 aeque
638 900 710 962 salso
733 910 820 981 atque
843 903 916 963 iilud
937 905 1086 966 cenatote.
1110 938 1153 946 -

148 988 167 1050 7
170 986 211 1051 97
231 1007 300 1052 cum
317 986 454 1052 menbra
470 989 651 1052 hominis
665 987 803 1069 percepit
820 988 971 1071 fervidior
986 989 1047 1054 cis:
1070 989 1154 1054 dom·

146 1093 207 1140 reos
229 1077 288 1150 00.
320 1076 428 1140 demto
454 1078 584 1139 editores
611 1076 679 1138 inde
707 1097 724 1138 a
745 1077 805 1139 Pio.
838 1071 976 1161 (servodei
1000 1077 1097 1142 cercis
1119 1079 1153 1140 0.

144 1163 269 1244 fervida
285 1163 382 1246 fervis
400 1159 448 1249 Q.)
472 1165 523 1226 sed
547 1167 598 1245 qui
621 1164 781 1226 carbonum
803 1165 911 1227 halitus
933 1170 1088 1228 nocentior
1106 1171 1154 1248 sit,

149 1256 174 1314 si
192 1253 259 1335 plus
278 1272 312 1313 eo
332 1253 462 1314 conclavi
482 1255 512 1313 in
533 1271 590 1333 quo
609 1256 676 1332 quis
694 1253 770 1314 forte
789 1261 835 1315 est
852 1252 1018 1335 percipiet?
1053 1254 1154 1317 docuit

148 1341 303 1402 Lucretius
317 1340 482 1420 periculum
495 1342 605 1422 augeri,
620 1344 646 1402 si
659 1359 719 1402 non
728 1341 815 1402 modo
829 1342 985 1403 cerebrum
997 1343 1049 1404 sed
1060 1352 1153 1405 totum

149 1447 256 1508 corpus
274 1428 402 1490 hominis
419 1430 565 1510 percipiat
582 1428 742 1490 carbonum
757 1429 837 1491 odor.
930 1426 978 1492 vols
996 1450 1013 1489 s
1032 1433 1098 1493 tom
1118 1430 1156 1512 fit

148 1514 222 1578 odor
243 1517 331 1580 edred
353 1516 425 1589 00.;
457 1535 524 1579 oum
552 1518 680 1578 sciamus
703 1517 823 1578 odorem
849 1521 910 1578 vini
934 1537 1021 1598 posse
1038 1516 1155 1600 ptezqae

148 1601 321 1668 moechiis
334 1603 436 1668 insitor
449 1607 522 1688 fieri,
534 1623 594 1666 non
608 1613 654 1667 est
668 1624 721 1666 cur
733 1603 802 1668 vini
815 1609 993 1668 mentionem
1007 1607 1153 1687 tollamus,

148 1691 211 1755 ciri
234 1693 403 1775 scribendo,
426 1693 503 1774 quod
524 1693 595 1754 Pius
619 1696 800 1772 excogitavit.
819 1728 861 1737 —
886 1692 950 1756 808
972 1691 1087 1758 cohibet
1105 1693 1154 1757 oc's

148 1800 264 1862 moena
285 1783 423 1845 necesses
444 1781 507 1843 Lm.
525 1780 557 1843 Β.
575 1781 627 1843 Mr.
650 1783 801 1844 necessest
834 1780 963 1845 accessis
984 1782 1063 1844 idem
1086 1802 1153 1844 esse

150 1870 211 1930 vuit
223 1870 435 1951 Lachmannus,
455 1870 532 1950 quod
546 1868 739 1932 necessitatis.
763 1869 846 1932 valde
860 1870 969 1932 dubito.
989 1872 1063 1932 mihi
1076 1871 1153 1932 abia-

149 1959 209 2017 tivo
236 1957 352 2020 videtur
379 1977 453 2038 opus
475 1976 554 2040 esse,
585 1977 681 2037 neque
709 1965 807 2019 tamen
834 1977 924 2020 ausus
951 1977 1017 2019 sum
1048 1958 1152 2021 dehor-

149 2051 230 2106 tante
247 2043 433 2106 Lachmanno
450 2061 572 2107 necessu
592 2045 731 2107 scrihere.
750 2079 793 2090 -
812 2044 876 2108 832
894 2047 1098 2108 Lechmennus
1117 2047 1153 2108 ad

149 2152 176 2193 v.
200 2129 263 2194 839
287 2133 360 2193 nihil
384 2132 500 2193 obstare
528 2132 613 2214 dicit,
640 2136 712 2212 quin
739 2133 846 2195 scheda
868 2133 966 2213 aliqua
986 2135 1035 2196 hic
1058 2154 1095 2196 ex
1118 2155 1153 2195 eo

151 2220 265 2302 codice,
297 2223 348 2299 qui
374 2229 543 2281 nostrorum
574 2239 681 2300 parens
710 2224 760 2303 sit,
795 2222 940 2284 excidisse
967 2225 1154 2284 existimetur

151 2316 181 2369 et
198 2327 266 2370 cum
283 2307 338 2370 hac
357 2308 464 2369 scheda
482 2310 620 2369 interisse
638 2316 780 2388 putentur
801 2329 847 2393 ea,
870 2329 997 2390 quorum
1015 2319 1154 2391 quattuor

151 2397 312 2477 fragmenta
347 2402 449 2457 extent
485 2396 561 2477 apud
595 2404 710 2458 veteres
742 2405 843 2459 testes.
889 2417 905 2458 e
937 2398 1045 2477 quibus
1076 2399 1154 2477 trag-

150 2487 258 2545 mentis
281 2502 335 2563 ego
362 2483 435 2544 illud
458 2484 536 2563 quod
560 2491 605 2545 est
632 2481 705 2547 ‘soon
730 2483 810 2548 mett
834 2483 865 2548 oi
890 2481 1014 2566 tinccae
1034 2488 1155 2549 cenom

149 2570 215 2634 sint
238 2588 351 2652 meque
376 2573 508 2654 centem,
538 2589 629 2634 aereo
654 2569 733 2654 vox',
765 2576 791 2634 si
816 2572 991 2635 Lucretiena
1019 2582 1088 2636 sunt
1112 2610 1153 2618 -

150 2661 282 2722 Enniana
300 2661 357 2721 sibi
372 2660 466 2722 videri
480 2660 551 2721 dicit
564 2661 668 2722 Munro
682 2694 725 2704 —
740 2664 824 2722 cuius
838 2664 943 2741 capitis
957 2665 988 2722 in
1002 2666 1153 2742 prooemio

150 2749 261 2810 tuerint
290 2767 350 2809 non
380 2751 474 2828 magis
505 2751 580 2830 scio,
608 2767 696 2828 quam
727 2749 805 2810 unde
837 2745 1002 2813 ‘moedus
1030 2747 1154 2831 friqus’,

151 2833 356 2916 ‘comeroeqcc
372 2833 525 2918 caminos,
542 2833 591 2900 ‘ne
608 2833 738 2899 obtioaet'
757 2846 873 2917 sumpta
890 2839 957 2899 sint.
972 2872 1015 2882 —
1032 2837 1097 2902 833
1113 2873 1154 2882 —-

151 2921 216 2987 840
245 2925 365 2985 seclusi:
397 2943 501 2986 vereor
533 2927 624 3007 enim,
652 2943 689 2986 ne
721 2928 818 3005 aptius
850 2928 894 2987 eis
920 2929 1156 3009 praemittentur,

151 3031 225 3091 quoe
247 3012 316 3073 inde
336 3031 351 3073 e
370 3031 459 3073 vorsu
477 3010 542 3075 872
561 3020 754 3092 exponuntur.
773 3047 815 3058 -
835 3011 897 3076 851
917 3015 1048 3078 satiare
1064 3013 1155 3076 Vatic.

153 3098 236 3162 1454
261 3093 342 3183 (Mc.)
365 3099 427 3160 Lm.
450 3100 482 3161 B.
505 3101 557 3161 ΜΓ.
580 3097 695 3164 sociere
718 3100 775 3173 00.
799 3100 914 3164 donoro
935 3100 977 3183 8.,
999 3105 1031 3163 in
1054 3103 1156 3164 arche-

150 3194 218 3267 typo
256 3189 310 3249 tuit
340 3186 456 3251 sociare
487 3207 541 3268 pro
569 3186 690 3252 sociaco
719 3190 795 3250 mole
825 3197 984 3251 exoratum.
1017 3224 1059 3235 -
1091 3188 1154 3253 858

150 3277 272 3338 subdus
291 3273 430 3356 friyescit
450 3277 533 3339 terra
554 3277 648 3338 Aldin.
672 3277 685 3338 1
707 3277 806 3360 vulg03
832 3275 950 3341 subdes:
978 3274 1049 3358 ‘quo
1071 3297 1156 3340 voca-

149 3363 219 3425 bulo
238 3362 393 3426 Lucretius
411 3383 471 3426 non
489 3361 594 3426 utitur’
615 3367 656 3425 ait
673 3364 886 3427 Lachmannus.
927 3386 981 3428 cur
1003 3385 1072 3428 vero
1095 3386 1156 3428 non

151 3452 242 3513 semel
264 3471 336 3514 usus
360 3449 420 3514 sit?
448 3450 566 3516 sonides
588 3451 647 3525 00.
663 3451 791 3534 penitus
812 3454 873 3515 Lm.
893 3453 925 3517 B.
948 3454 1001 3516 ΜΓ.
1024 3488 1067 3498 -
1091 3453 1153 3519 861

150 3540 285 3605 laticis
315 3540 409 3621 vulgo.
456 3536 606 3622 ‘praestat’
637 3542 678 3602 ait
704 3540 921 3623 Lemannus,
953 3538 1157 3622 ‘grammatico

151 3633 271 3709 antiquo
309 3630 397 3691 fidem
432 3629 555 3713 habere,
588 3647 675 3713 quem
706 3629 785 3691 Beda
820 3627 951 3692 secutus'
984 3630 1020 3692 de
1052 3635 1157 3694 metris
