2438 3998
120 289 164 354 28
619 283 634 337 1

211 471 248 514 an
269 449 428 531 probibere
451 447 562 527 aliquid
585 465 689 508 censes
714 446 889 525 obstareque
911 442 1022 525 posse?

211 539 385 601 alterutrum
407 538 527 598 fatearis
551 537 630 595 enim
653 553 810 613 sumasque
834 541 994 595 necessest.

140 634 197 686 975
211 645 337 707 quorum
356 632 515 703 utrumque
533 623 590 683 tibi
608 623 749 701 effugium
764 621 930 701 praecludit
944 628 973 682 et
986 639 1072 681 omne
1087 635 1129 675 ⁹⁷⁵

141 723 193 774 999
212 717 290 793 cogit
311 720 345 774 ut
368 719 503 791 exempta
526 711 669 771 concedas
692 710 751 770 flue
773 717 884 789 patere.

212 821 280 864 nam
303 804 365 862 sive
388 808 434 862 est
456 798 567 879 aliquid
591 798 669 878 quod
691 797 815 877 probeat
837 798 1003 875 efficiatque

212 909 271 969 quo
294 889 385 950 minu'
408 907 466 968 quo
490 889 643 948 missumst
664 887 763 947 veniat
784 886 896 963 linique
919 883 997 944 locet
1019 903 1066 965 se,

214 981 275 1039 sive
299 979 376 1037 loras
399 977 506 1056 fertur,
528 992 589 1034 non
612 980 658 1034 est
680 992 696 1033 a
719 974 777 1033 fine
800 973 974 1052 profectum.

141 1067 268 1126 980hoc
290 1072 375 1144 paeto
399 1081 507 1142 sequar
530 1068 631 1142 atque,
655 1079 721 1121 oras
744 1060 923 1139 ubicumque
946 1058 1053 1120 locaris
1090 1072 1131 1112 oso

142 1161 194 1211 999
214 1160 373 1232 extremas,
397 1167 536 1230 quaeram
559 1148 630 1227 quid
652 1147 711 1208 telo
735 1148 862 1227 denique
885 1148 943 1207 fiat.

212 1237 264 1298 fiet
286 1239 331 1297 uti
353 1254 500 1316 nusquam
521 1239 618 1317 possIt
640 1239 804 1298 consistere
827 1238 909 1318 finis,

213 1325 413 1403 effugiumque
436 1324 522 1402 fugae
544 1322 672 1402 prolatet
694 1325 779 1403 copia
802 1341 927 1402 semper.
1019 1342 1021 1351 ’

213 1418 367 1490 praeterea
389 1413 518 1490 spatium
541 1413 667 1472 summai
689 1412 781 1472 totius
805 1429 890 1471 omne

142 1506 198 1558 985
214 1498 347 1578 undique
370 1501 397 1560 si
419 1498 567 1560 inclusum
590 1501 680 1560 certis
703 1500 881 1559 consisteret
903 1500 965 1559 oris
1096 1513 1137 1553 999

142 1594 196 1644 999
214 1588 390 1667 finitumque
413 1588 502 1666 leret,
525 1588 584 1646 iam
607 1589 691 1666 copia
713 1587 849 1647 materiai

214 1676 345 1754 undique
368 1673 550 1754 ponderibus
573 1673 676 1736 solidis
699 1674 849 1735 coulluxet
869 1673 907 1747 ad
930 1676 1036 1755 imum,

214 1781 270 1824 nec
292 1781 342 1823 res
364 1763 423 1824 ulla
446 1765 511 1842 geri
533 1761 588 1823 sub
612 1762 686 1823 caeli
709 1764 840 1841 tegmine
862 1769 977 1843 posset,

215 1869 271 1910 nec
294 1851 371 1911 loret
394 1853 514 1911 omnino
537 1849 651 1911 caelum
673 1868 769 1929 neque
792 1849 904 1910 lumina
928 1849 1012 1932 solis;

143 1943 201 1994 990
215 1940 324 2017 quippe
347 1937 400 1998 ubi
422 1939 562 1999 materies
586 1939 682 1998 omnis
705 1936 853 1998 cumulata
875 1939 986 1998 iaceret
1096 1952 1139 1991 999

144 2033 197 2083 999
217 2043 253 2086 ex
275 2026 392 2085 infinito
414 2027 474 2085 iam
495 2031 629 2104 tempore
653 2024 842 2086 subsidendo.

216 2122 246 2172 at
268 2130 360 2194 nuuc,
383 2114 538 2194 nimirum,
560 2115 680 2193 requies
703 2113 772 2173 data
795 2113 1012 2193 principiorum

216 2199 391 2279 corporibus
414 2199 534 2280 nullast,
558 2202 627 2278 quia
650 2199 692 2261 nil
715 2207 761 2261 est
782 2200 915 2261 funditus
938 2203 1045 2281 imum,
1157 2208 1161 2214 “

216 2306 275 2366 quo
299 2289 384 2366 quasi
406 2287 556 2348 conlluere
580 2295 610 2348 et
632 2287 719 2348 sedes
741 2286 794 2348 ubi
815 2305 927 2367 ponere
949 2291 1073 2367 possint.

145 2383 201 2434 995
215 2392 334 2454 semper
355 2377 387 2435 in
409 2374 532 2435 adsiduo
555 2383 638 2436 motu
659 2393 708 2436 res
732 2393 866 2454 quaeque
888 2382 1033 2454 gerrmtur
1097 2389 1138 2430 sos

37 2508 40 2516 .
131 2473 200 2523 1999
216 2461 351 2541 partibus
373 2464 406 2522 in
428 2465 555 2542 cunctis,
578 2462 753 2541 infernaque
776 2463 1002 2542 suppeditantur

217 2569 254 2610 ex
275 2551 392 2610 infinito
415 2552 473 2610 cita
496 2568 619 2627 corpora
640 2551 784 2611 materiai.
1095 2571 1135 2612 osa

125 2635 201 2686 1002
217 2636 264 2690 est
285 2632 376 2709 igitur
398 2638 503 2693 natura
524 2631 583 2692 loci
606 2634 791 2711 spatiumque
815 2631 966 2712 profundi,
1080 2644 1132 2686 1999

216 2717 295 2796 quod
318 2736 414 2797 neque
437 2718 516 2779 clara
539 2737 593 2779 suo
616 2737 792 2798 percurrere
815 2719 938 2780 fulmina
962 2737 1051 2780 cursu

215 2813 358 2884 perpetuo
381 2809 497 2885 possint
520 2809 584 2867 aeri
605 2806 733 2869 labentia
756 2814 852 2868 tractu

128 2897 197 2947 1005
216 2910 272 2953 nec
294 2911 433 2971 prorsum
455 2895 552 2955 facere
576 2900 610 2954 ut
632 2902 724 2956 restet
748 2898 845 2956 minus
867 2897 912 2957 ire
931 2894 1056 2955 meando
1081 2906 1135 2948 1005

216 2998 311 3058 usque
335 2980 406 3040 adeo
429 2984 540 3060 passim
562 2989 644 3062 patet
666 2985 771 3061 ingens
795 2985 879 3063 copia
901 2982 1004 3063 rebuS,

216 3067 325 3128 linibus
349 3071 507 3150 exemptis,
529 3071 561 3130 in
585 3077 705 3131 cunctas
728 3071 860 3149 undique
881 3074 983 3151 partis.

214 3168 270 3211 nec
292 3170 374 3212 mare
397 3170 452 3212 nec
474 3152 563 3215 tellus
586 3173 685 3233 neque
708 3154 783 3217 caeli
805 3155 903 3218 lueida
925 3157 1036 3238 templa

33 3237 35 3240 ’
124 3246 198 3297 1915
212 3256 268 3299 nec
290 3238 414 3300 mortale
437 3259 531 3318 genus
554 3260 611 3303 nec
633 3243 733 3304 dirum
757 3261 880 3324 corpora
905 3252 1006 3308 sancta
1085 3259 1140 3301 1919

125 3333 195 3383 1919
214 3328 354 3405 exiguum
376 3335 499 3406 possent
521 3329 606 3391 horai
628 3333 735 3391 sistere
758 3338 889 3411 tempus:

213 3432 281 3475 uam
304 3414 436 3494 dispulsa
459 3435 513 3478 suo
537 3417 574 3478 de
597 3424 685 3480 coetu
707 3421 843 3480 materiai

214 3503 299 3580 copia
321 3502 450 3564 ferretur
473 3521 612 3582 magnum
635 3523 690 3584 per
712 3507 800 3566 inane
823 3505 932 3589 soluta,
