2438 3998
564 229 604 284 111

576 396 593 432 ss

81 477 149 526 1010
168 462 309 524 Tartarus
331 461 495 523 horriferos
518 471 655 525 eructans
678 463 812 525 faucibus
836 472 935 533 aestus
959 498 1002 508 -

168 552 220 630 qui
243 568 339 630 neque
364 557 434 611 00111
455 569 581 630 usquam
603 570 659 613 nec
681 560 807 631 possunt
830 571 896 614 0000
919 553 1066 631 profecto:

99 640 103 645 '
168 638 219 698 sed
243 646 341 699 metus
364 640 396 697 in
418 640 477 698 vita
499 657 662 718 poenarum
684 658 740 719 pro
763 639 838 701 male
862 640 948 701 lactis

168 733 215 787 est
236 725 403 805 insignibus
426 729 566 809 insignis,
589 727 770 807 scelerisque
794 727 882 789 luella
1038 751 1091 792 1010

168 833 270 875 011001
294 821 324 874 01
345 813 498 875 horribilis
521 815 557 876 de
581 834 651 876 saxo
674 815 762 876 iactu'
785 815 925 876 deorsum

81 917 150 968 1011
167 902 292 963 verbera
315 903 468 963 carnifices
490 902 582 964 robur
604 905 655 982 pix
677 900 816 964 lammina
838 903 941 965 taedae
965 938 1007 947 —

170 1009 244 1069 quae
267 998 367 1051 tamen
390 992 448 1051 etsi
470 990 586 1072 absunt,
609 998 638 1052 at
660 1010 745 1052 mens
769 991 835 1072 sibi,
859 994 977 1053 conscia
995 992 1091 1074 lactis,

169 1085 376 1157 praemetuens
400 1077 519 1139 adhibet
542 1078 678 1140 stimulos
700 1086 852 1158 terretque
875 1078 1011 1161 flagellis,

169 1185 225 1227 1100
246 1165 327 1227 ridet
349 1168 463 1226 interea
487 1168 538 1245 qui
560 1168 706 1228 terminus
730 1185 797 1228 esse
818 1166 964 1228 malorum
1038 1189 1090 1231 1010

169 1256 264 1333 possit
285 1272 342 1314 1100
364 1271 439 1332 quae
463 1256 503 1314 sit
524 1272 687 1333 poenarum
709 1255 836 1334 denique
860 1256 942 1337 finis,

80 1357 151 1408 1020
170 1351 257 1421 atque
274 1341 377 1402 eadem
390 1343 497 1402 metuit
509 1344 603 1421 magis
616 1342 689 1404 haec
703 1361 741 1403 ne
755 1345 787 1403 in
800 1350 895 1404 morte
910 1349 1090 1423 gravescant.

168 1431 238 1491 hinc
260 1429 422 1490 Acherusia
444 1430 478 1490 fit
500 1429 658 1492 stultorum
681 1429 808 1510 denique
831 1434 899 1492 vita.

212 1517 275 1578 lloc
299 1519 388 1578 etiam
410 1516 465 1577 tibi
487 1524 550 1578 tute
573 1518 724 1579 interdum
747 1519 847 1580 dicere
870 1521 976 1598 possis.

169 1602 293 1667 ‘lumina
316 1607 358 1666 sis
381 1604 475 1666 oculis
498 1608 588 1666 etiam
609 1605 706 1666 bonus
727 1606 818 1667 Ancu'
841 1606 975 1686 reliquit,
1039 1627 1091 1670 1011

170 1696 222 1773 qui
243 1692 349 1754 melior
371 1692 473 1754 multis
496 1712 585 1772 quam
607 1702 640 1754 tu
663 1694 677 1754 1
697 1696 731 1774 ’1,
754 1692 902 1774 improbe,
924 1693 1023 1755 rebus.

80 1782 239 1848 1011011110
262 1781 312 1841 alii
335 1780 421 1842 multi
443 1798 529 1859 reges
552 1799 712 1860 rerumque
734 1789 871 1860 potentes

169 1869 355 1950 occiderunt,
377 1871 492 1947 magnis
515 1871 566 1948 qui
589 1868 727 1947 gentibus
750 1871 965 1947 imperitarunt.

169 1959 218 2020 ille
238 1976 355 2037 quoque
374 1959 448 2038 ipse,
466 1959 543 2017 riam
562 1959 614 2036 qui
628 1956 775 2036 quondam
787 1974 842 2035 per
855 1974 937 2018 mare
951 1975 1089 2036 magnum

170 2049 274 2107 stravit
295 2048 411 2124 iterque
435 2045 517 2106 dedit
538 2044 705 2124 legionibus
727 2046 772 2105 ire
794 2063 849 2123 per
872 2044 964 2105 altum
1038 2071 1091 2111 1010

170 2152 204 2194 10
225 2133 351 2213 pedibus
375 2132 467 2194 salsas
489 2134 590 2194 docuit
612 2151 703 2212 super
726 2134 770 2192 ire
793 2131 913 2193 lacunas
976 2185 977 2188 ,

81 2229 201 2289 103001
222 2223 401 2300 contempsit
424 2223 509 2300 equis
531 2220 677 2282 insultans
698 2238 851 2281 murmura
872 2224 970 2302 ponti,

169 2309 280 2369 lumine
303 2307 439 2387 adempto
462 2311 589 2369 animam
611 2307 788 2389 moribundo
811 2326 936 2387 corpore
959 2309 1043 2372 ludit

171 2395 335 2477 Scipiadas,
356 2396 428 2456 belli
450 2396 576 2478 fulmen,
599 2396 784 2475 Carthaginis
806 2396 927 2477 horror,

170 2503 237 2545 ossa
260 2484 342 2544 dedit
363 2491 461 2545 terrae
483 2484 608 2564 proinde
626 2503 661 2545 10
679 2483 770 2545 famul
787 2485 907 2545 iniimus
927 2492 1014 2546 esset.
1039 2508 1090 2550 1001

53 2576 56 2581 ’
170 2566 244 2633 1011
266 2580 436 2652 repertores
459 2572 660 2633 doctrinarum
683 2579 770 2651 atque
793 2571 942 2652 leporum,

52 2666 55 2673 '
82 2660 244 2728 10111110
266 2659 490 2720 Heliconiadum
512 2662 649 2741 comites,
672 2678 799 2739 quorum
822 2678 899 2720 unus
921 2659 1068 2723 Homerus

171 2756 287 2826 sceptra
309 2750 420 2827 potitus
444 2747 547 2809 eadem
573 2747 639 2808 aliis
663 2747 770 2827 sopitu'
793 2750 929 2826 quietest.

169 2838 296 2915 denique
319 2835 520 2896 Democritum
540 2842 698 2914 postquam
721 2842 835 2896 matura
857 2843 987 2897 vetustas

170 2925 322 2985 admonuit
343 2941 490 2985 memores
512 2932 611 2985 motus
633 2923 824 3002 languescere
846 2925 968 3005 mentis,
1037 2947 1090 2989 1010

170 3019 274 3091 sponte
297 3030 350 3072 sua
372 3011 431 3072 leto
455 3019 543 3091 caput
566 3011 670 3072 obrius
693 3010 800 3090 optulit
822 3013 895 3090 ipse.

81 3116 150 3167 1040
169 3102 233 3178 ipse
256 3099 403 3179 Epicurus
426 3098 489 3159 obit
512 3099 637 3160 decurso
661 3099 773 3160 lumine
795 3102 885 3180 vitae,

169 3190 221 3267 qui
244 3205 336 3266 genus
358 3187 520 3248 humanum
541 3189 660 3266 ingenio
685 3189 834 3267 superarit
857 3194 888 3247 01
910 3189 1006 3248 omnis

168 3277 320 3356 restinxit,
342 3275 442 3337 stellas
465 3283 586 3336 exortus
608 3282 642 3335 ut
664 3276 813 3337 aetherius
837 3274 889 3335 sol.

167 3370 201 3423 tu
223 3381 293 3423 vero
316 3362 465 3424 dubitabis
488 3371 519 3425 et
540 3362 732 3442 indignabere
756 3359 861 3424 obire?
1037 3385 1089 3426 roca

167 3453 355 3512 mortua-cui
376 3454 464 3512 ritast
485 3469 578 3531 prope
601 3453 660 3511 iam
682 3453 748 3512 vivo
771 3459 859 3530 atque
881 3451 1006 3532 ridenti,

79 3556 148 3607 1040
168 3541 220 3618 qui
243 3556 346 3600 somno
367 3547 483 3618 partem
505 3541 648 3600 maiorem
671 3541 800 3600 conteris
823 3541 900 3618 aeri,
983 3583 986 3589 -
