2438 3998
189 188 232 254 48
675 187 702 240 Π

188 344 241 394 oto
258 342 403 415 perpetuo
425 352 523 413 neque
545 336 577 394 in
600 341 753 395 aeternum
776 333 902 412 sepelire
925 332 1063 412 salutem,

258 442 314 484 neo
337 441 426 503 porro
449 440 550 483 rerum
573 422 716 501 genitales
739 423 925 501 auctificique

224 538 227 567 ;
257 519 358 572 motus
380 517 523 592 perpetuo
545 519 672 590 possunt
694 529 812 572 servare
836 517 942 571 creata.

260 602 304 661 sio
326 618 420 678 aequo
444 601 557 678 geritur
579 602 740 660 certamine
763 601 979 679 principiorum

260 706 297 749 ex
319 689 436 748 infinito
459 694 642 748 contractum
664 696 797 766 tempore
820 686 938 747 bellum.

191 784 242 834 575
259 794 339 837 nuno
361 776 410 836 hic
433 794 513 836 nunc
536 775 597 837 illio
620 783 761 855 superant
783 775 882 836 vitalia
904 792 1018 854 rerum,

149 856 152 861 ’
261 871 291 925 et
313 871 491 944 superantur
513 867 592 925 item
629 867 772 925 miscetur
794 865 898 924 iuuere
920 881 1023 943 vagor,

262 971 349 1032 wem
372 955 458 1032 pueri
480 952 587 1013 tollunt
608 955 731 1013 visentis
754 951 876 1013 luminis
899 970 979 1032 oras3

192 1070 195 1077 ³
261 1060 316 1102 nec
337 1059 397 1102 nox
419 1041 478 1102 ulla
501 1040 580 1101 diem
602 1058 699 1120 neque
722 1047 839 1101 noctem
863 1058 968 1101 aurora
991 1044 1134 1118 secutast,

262 1149 336 1209 quae
359 1148 419 1190 non
441 1129 568 1190 audierit
589 1131 697 1189 mixtos
720 1128 866 1208 vagitibus
889 1130 985 1207 aegris

192 1225 243 1275 580
262 1217 393 1297 ploratus
416 1220 520 1277 mortis
544 1219 666 1278 comites
690 1223 720 1277 et
741 1217 856 1277 funeris
878 1219 943 1277 atri.

304 1305 379 1366 Illud
402 1308 434 1365 in
456 1306 503 1366 his
516 1304 712 1384 *obsignatum
736 1323 852 1384 quoque
875 1305 964 1366 rebus
987 1304 1096 1365 hahere

262 1396 399 1454 convenit
421 1400 452 1454 et
473 1395 600 1454 memori
621 1393 790 1454 mandatum
812 1400 911 1454 mente
933 1400 1049 1473 tenere,

262 1481 305 1542 nii
327 1500 406 1563 esse,
429 1484 461 1542 in
483 1488 622 1562 promptu
645 1500 771 1560 quorum
792 1489 897 1542 natura
919 1481 1049 1561 videtur,

263 1570 341 1650 quod
363 1588 472 1650 genere
496 1589 532 1631 ex
555 1588 614 1631 uno
638 1573 779 1631 consistat
800 1572 1028 1649 principiorum,

192 1666 243 1715 586
262 1678 318 1720 nec
341 1662 499 1738 quicquam
521 1659 600 1738 quod
623 1677 682 1719 non
704 1661 850 1738 permixto
874 1660 986 1719 semine
1010 1665 1135 1718 constet.

262 1756 293 1808 et
313 1748 520 1827 quodcumque
542 1749 637 1826 magis
659 1749 704 1808 vis
726 1746 833 1808 multas
855 1746 989 1826 possidet
1011 1748 1042 1805 in
1066 1765 1098 1806 se

262 1843 349 1914 atque
372 1843 546 1916 potestates,
569 1839 609 1896 ita
631 1836 758 1914 plurima
780 1837 995 1914 principiorum

262 1926 294 1984 in
317 1941 382 1984 sese
405 1941 514 2002 genera
536 1942 571 1984 ac
592 1927 687 1984 varias
711 1923 797 1984 docet
819 1942 884 1984 esse
908 1924 1025 2002 figuras.

262 2013 409 2089 principio
431 2011 519 2072 tellus
542 2011 631 2072 habet
653 2014 684 2072 in
707 2030 739 2072 se
762 2030 886 2092 corpora
908 2014 1017 2090 prima,

193 2105 244 2155 590
263 2097 341 2159 unde
364 2116 444 2159 mare
467 2101 635 2159 inmensum
658 2099 808 2160 volventes
830 2099 941 2178 frigora
963 2099 1059 2160 fontes

263 2186 384 2247 adsidue
407 2194 562 2267 renovent,
584 2186 672 2248 habet
694 2191 778 2266 ignes
801 2188 879 2248 unde
904 2190 1049 2248 oriantur:

262 2293 330 2335 nam
352 2274 453 2335 multis
477 2293 617 2335 succensa
640 2275 713 2336 locis
736 2275 841 2336 ardent
864 2275 925 2336 sola
947 2283 1060 2357 terrae,

263 2365 379 2424 eximiis
402 2380 471 2423 vero
495 2363 567 2424 finit
588 2363 706 2442 ignibus
729 2366 857 2443 impetus
880 2365 1004 2444 Aetnae3

262 2460 326 2512 tum
348 2470 438 2530 porro
460 2450 568 2511 nitidas
592 2452 692 2530 iruges
715 2451 892 2531 arbustaque
915 2451 991 2512 laeta

192 2546 244 2595 695
263 2541 400 2619 gentihus
422 2539 558 2600 humanis
581 2539 669 2600 hahet
691 2541 770 2601 unde
794 2540 933 2601 extollere
956 2542 1063 2620 possit,

262 2629 341 2689 unde
364 2630 452 2689 etiam
474 2628 579 2690 fluvios
601 2629 721 2691 frondes
744 2636 775 2690 et
796 2627 902 2708 pabula
925 2627 1001 2688 laeta

262 2719 428 2798 montivago
452 2720 555 2798 generi
577 2721 672 2798 possit
694 2717 835 2799 praebere
859 2717 997 2777 ferarum.

263 2824 353 2885 quare
375 2825 480 2886 magna
503 2808 590 2868 deum
612 2816 707 2869 mater
729 2815 881 2885 materque
905 2806 1034 2866 serarum

263 2902 292 2955 et
315 2898 409 2955 nostri
432 2898 566 2973 genetrix
589 2894 662 2955 haec
684 2896 791 2956 dictast
813 2895 947 2974 corporis
970 2912 1037 2954 una.

193 2989 243 3038 600
305 2982 389 3043 Hanc
410 2990 525 3043 veteres
549 2981 669 3042 Graium
692 2983 771 3043 docti
794 2984 929 3042 cecinere
952 2987 1057 3060 poetae

262 3157 383 3218 sedibus
406 3160 438 3217 in
461 3176 552 3218 curru
573 3156 690 3236 biiugos
713 3159 823 3235 agitare
846 3157 961 3238 leones,

262 3247 339 3305 aeris
362 3246 393 3304 in
416 3247 511 3323 spatio
534 3263 668 3323 magnam
690 3245 821 3323 pendere
845 3246 986 3306 docentes

261 3332 413 3413 tellurem,
435 3351 532 3412 neque
554 3350 642 3411 posse
664 3335 697 3393 in
717 3340 797 3394 terra
820 3336 925 3395 sistere
948 3341 1069 3395 terram.

262 3421 422 3483 adiunxere
446 3422 537 3501 ieras,
561 3424 628 3500 quia
652 3424 784 3501 quamvis
808 3423 896 3483 effera
918 3421 1019 3501 proies

192 3519 243 3568 605
263 3512 368 3573 officiis
385 3509 480 3572 debet
502 3510 611 3571 molliri
632 3511 708 3571 victa
730 3518 893 3590 parentum.
