2438 3998
70 217 187 282 ‘90
625 215 667 268 111

134 377 195 431 ,999
213 362 378 425 dissoluant
399 362 490 422 animi
511 379 617 440 magno
641 380 673 422 se
696 379 805 440 angore
827 369 976 440 metuque.

636 468 653 507 s

215 533 259 599 ‘tu
282 537 402 616 quidem
424 544 458 599 ut
480 555 513 598 es
535 537 594 597 leto
617 539 745 618 sopitus,
768 540 812 598 sic
834 540 894 598 eris
917 539 982 599 aeri

215 625 293 705 qnod
317 644 406 705 super
428 632 475 687 est
497 627 612 687 cunctis
634 626 757 705 privatu’
780 625 932 686 doloribus
955 626 1066 702 aegris:
1112 645 1152 686 sos

214 722 245 775 at
266 731 321 774 nos
343 713 482 774 horrifico
506 714 682 774 cinefactum
704 721 734 774 te
756 731 848 792 prope
871 712 959 773 busto

142 817 200 869 905
215 800 422 862 insatiabiliter
444 801 630 881 deflevimus,
652 808 865 880 aeternumque

143 904 196 955 999
215 889 295 950 nulla
317 889 381 950 dies
404 888 490 950 nobis
512 906 660 950 merorem
683 907 699 948 e
722 895 842 968 pectore
866 882 985 949 demet’

215 976 288 1038 illud
310 976 347 1038 ab
369 978 426 1040 hoc
447 980 538 1055 igitur
561 976 804 1057 quaerendumst,
827 976 898 1056 quid
922 979 961 1038 sit
983 976 1076 1036 amari

213 1072 296 1126 tanto
314 1083 413 1146 opere,
431 1064 467 1126 ad
485 1083 622 1125 somnum
640 1066 667 1124 si
688 1082 738 1125 res
756 1064 834 1125 redit
852 1074 939 1143 atque
959 1066 1098 1143 quietem,
1113 1085 1153 1125 s1o

154 1191 157 1196 -
215 1171 269 1214 our
292 1155 448 1231 quisquam
470 1159 591 1212 aeterno
613 1154 709 1231 possit
730 1151 883 1213 tabescere
906 1151 995 1212 luctu.

144 1256 200 1307 910
230 1233 345 1323 *lllloc
368 1243 457 1301 etiam
479 1241 590 1300 iaciunt
611 1239 664 1300 ubi
686 1239 863 1301 discubuere
884 1246 1046 1318 tenentque

145 1343 198 1394 919
215 1327 319 1408 pocula
343 1346 430 1407 saepe
452 1328 587 1388 homines
610 1334 641 1388 et
662 1327 834 1388 inumbrant
855 1345 906 1388 ora
928 1329 1061 1407 coronis,

216 1434 252 1475 ex
279 1417 377 1476 animo
404 1423 438 1476 ut
459 1414 560 1476 dicant
586 1411 696 1475 ‘brevis
721 1417 771 1477 hic
794 1423 840 1477 est
861 1416 976 1476 fructus
999 1414 1152 1475 homullis:

215 1506 274 1563 iam
297 1503 399 1583 luerit,
420 1520 518 1582 neque
540 1511 608 1583 post
630 1521 770 1583 umquam
792 1521 931 1564 revocare
954 1498 1077 1565 licebit?
1113 1525 1153 1565 999

215 1598 365 1669 tamquam
388 1593 419 1651 in
441 1598 536 1652 morte
558 1591 629 1652 mah
651 1609 719 1652 cum
741 1593 846 1671 primis
868 1592 924 1652 hoc
948 1593 987 1651 sit
1009 1608 1126 1673 eorum,

143 1695 200 1746 915
216 1679 295 1758 quod
318 1681 384 1740 sitis
407 1686 511 1740 exurat
532 1681 658 1741 miseros
681 1687 768 1758 atque
791 1679 873 1740 arida
895 1685 1001 1760 torrat,

144 1782 198 1832 919
216 1774 267 1828 aut
289 1766 362 1828 aliae
386 1769 471 1828 cuius
494 1767 675 1828 desiderium
697 1767 826 1828 insideat
846 1768 899 1828 rei
917 1764 928 1846 Ι]

216 1873 272 1915 nec
295 1855 353 1914 sibi
375 1857 454 1916 enim
479 1857 634 1934 qnisquam
656 1862 720 1916 tum
743 1873 775 1915 sa
797 1857 947 1934 vitamque
968 1855 1108 1936 requirit,

217 1961 284 2003 cum
306 1945 418 2023 pariter
439 1961 524 2004 mens
547 1949 577 2003 et
599 1961 708 2022 corpus
730 1945 825 2022 sopita
848 1945 1018 2022 quiescunt:
1113 1965 1154 2005 999

216 2048 284 2090 nam
307 2029 377 2090 licet
399 2037 551 2091 aeteruum
573 2048 628 2110 per
650 2049 705 2092 nos
728 2033 771 2091 sic
793 2048 860 2091 esso
883 2047 1033 2111 soporem,

145 2134 203 2186 920
215 2136 271 2178 nec
293 2117 475 2178 desiderium
496 2120 592 2178 nostri
613 2136 668 2178 nos
691 2117 791 2179 adficit
812 2117 917 2179 ullum:

145 2222 198 2271 920
217 2212 247 2266 et
268 2211 367 2265 tamen
389 2204 466 2266 haud
490 2223 636 2284 quaquam
658 2212 777 2267 nostros
799 2213 870 2266 tuno
892 2205 942 2266 illa
964 2224 1019 2286 per
1041 2212 1123 2267 artus

216 2293 303 2370 longe
325 2291 362 2353 ab
386 2293 539 2353 sensiferis
561 2293 722 2373 primordia
744 2293 875 2354 motibus
898 2301 1011 2373 errant,

217 2399 285 2441 cum
307 2387 461 2458 correptus
483 2379 572 2440 homo
595 2399 631 2441 ex
654 2399 758 2442 somno
781 2399 813 2441 sa
836 2380 953 2459 colligat
970 2384 1048 2461 ipse.
1112 2405 1153 2445 999

215 2467 309 2528 multo
336 2470 427 2546 igitur
453 2475 579 2528 mortem
601 2470 700 2529 minus
723 2469 759 2530 ad
782 2486 837 2528 nos
859 2486 925 2530 esse
947 2469 1152 2551 putandumst3

144 2572 203 2624 925
218 2558 245 2616 si
266 2557 365 2616 minus
388 2573 453 2616 esse
477 2562 575 2634 potest
597 2574 685 2635 quam
707 2556 786 2635 quod
808 2555 851 2617 nil
874 2575 940 2617 esse
962 2557 1110 2619 videmus:

144 2659 197 2710 999
216 2645 311 2704 maior
332 2644 413 2703 enim
434 2642 521 2704 turba
544 2652 574 2704 et
596 2643 738 2705 disiectus
760 2646 895 2704 materiai

217 2733 409 2809 consequitur
431 2730 503 2811 leto,
525 2750 581 2792 nec
604 2735 760 2811 quisquam
783 2735 953 2812 expergitus
976 2739 1068 2813 extat,

216 2819 322 2897 frigida
345 2836 433 2898 quem
456 2819 549 2879 semel
571 2831 617 2881 est
639 2822 709 2880 vitai
730 2838 822 2900 pausa
845 2830 953 2882 secuta.
1113 2844 1154 2884 999

260 2906 393 2985 Denique
416 2908 443 2966 si
464 2925 568 2967 vocem
591 2926 692 2969 rerum
713 2915 818 2969 natura
839 2915 962 2987 repente

145 3009 202 3061 930
214 2996 313 3055 mittat
335 3000 365 3055 ct
385 2994 442 3054 hoo
465 2993 554 3055 alicui
576 3003 711 3056 nostrum
734 2997 777 3056 sic
800 2998 934 3075 increpet
955 2998 1033 3076 ipsa,

145 3098 198 3148 999
216 3077 300 3160 ‘quid
326 3081 382 3144 tibi
406 3089 488 3143 tanto
511 3089 642 3165 operest,
669 3082 814 3164 mortalis,
842 3083 920 3162 quod
943 3086 1033 3143 nimis
1056 3086 1153 3161 aegris

215 3169 345 3230 luctibus
367 3167 525 3248 indulges?
560 3170 631 3249 quid
653 3177 780 3231 mortem
803 3172 953 3249 congemis
976 3189 1010 3232 ac
1032 3167 1109 3232 iles?

214 3274 283 3317 nam
307 3259 334 3317 si
356 3264 438 3336 grata
460 3259 517 3318 luit
538 3257 594 3318 tibi
615 3260 675 3319 vita
697 3265 764 3319 ante
787 3264 851 3318 acta
873 3261 1029 3338 priorque,
1113 3280 1153 3321 999

216 3350 246 3405 et
268 3361 328 3404 non
350 3347 448 3405 omnia
470 3352 625 3424 pertusum
647 3351 786 3423 congesta
808 3347 893 3424 quasi
915 3348 947 3406 in
969 3364 1020 3407 vas

143 3447 198 3501 935
216 3432 368 3493 commoda
390 3431 557 3511 perfluxere
580 3439 667 3511 atque
690 3435 805 3511 ingrata
826 3435 983 3517 interiere,

143 3537 197 3587 999
216 3538 270 3582 cur
290 3538 351 3581 non
373 3526 407 3581 ut
428 3519 535 3600 plenus
557 3522 634 3581 vitae
657 3523 777 3582 conviva
799 3520 916 3582 recedis
