2438 3998
157 244 202 310 42
646 246 673 299 ll

229 395 380 473 sanguinis
403 395 542 472 expirans
565 393 693 454 calidum
716 394 753 455 de
775 402 894 474 pectore
918 395 1042 456 flumen:

157 490 210 540 305
230 490 260 542 at
281 489 376 543 mater
398 481 501 542 viridis
525 480 617 542 saltus
641 481 742 543 orbata
764 501 924 563 peragrans

228 573 326 632 noscit
347 570 431 631 bumi
451 569 577 649 pedibus
600 572 723 649 vestigia
745 589 849 650 pressa
870 570 1006 653 bisulcis,

229 661 328 719 omnia
351 660 507 719 convisens
530 657 624 719 oculis
645 657 721 741 loca,
745 661 772 720 si
794 666 883 738 queat
904 678 1029 739 usquam

230 749 402 827 conspicere
425 748 566 807 amissum
588 747 695 828 letum,
718 747 905 827 completque
928 747 1067 827 querellis

229 835 424 897 frondiferum
447 834 544 896 nemu’
567 834 745 917 subsistens,
769 842 799 896 et
821 836 926 896 crebra
948 838 1074 897 revisit·

157 932 212 982 300
230 923 267 984 ad
290 922 451 1006 stabulum,
474 922 622 984 desiderio
645 924 757 1002 perfixa
780 926 910 1007 iuvenci,

230 1030 286 1074 nec
308 1020 428 1074 tenerae
452 1011 557 1073 salices
579 1019 667 1090 atque
689 1011 798 1072 herbae
821 1030 889 1073 rore
912 1015 1045 1092 vigentes

230 1102 410 1180 fluminaque
433 1099 482 1160 illa
504 1107 618 1179 queunt
640 1102 764 1160 summis
786 1100 915 1161 labentia
938 1104 1012 1180 ripis

232 1188 379 1250 oblectare
402 1190 532 1248 animum
555 1187 712 1267 subitoque
738 1196 870 1250 avertere
894 1207 1008 1271 curam,

231 1296 287 1338 nec
309 1275 468 1338 vitulorum
490 1275 564 1337 aliae
588 1279 704 1355 species
726 1295 782 1356 per
803 1277 909 1357 pabula
931 1277 1007 1338 laeta

159 1375 213 1423 300
232 1365 366 1433 derivare
389 1371 502 1443 queunt
524 1365 655 1425 animum
678 1383 807 1444 curaque
831 1365 941 1426 levare:

231 1473 326 1534 usque
349 1453 421 1513 adeo
444 1451 582 1531 quiddam
604 1455 758 1532 proprium
781 1461 942 1533 notumque
965 1455 1100 1533 requirit.

231 1549 386 1624 praeterea
407 1543 504 1602 teneri
528 1539 663 1603 tremulis
687 1559 755 1602 cum
777 1542 899 1604 vocibus
921 1542 1008 1603 haedi

233 1633 402 1710 cornigeras
424 1638 535 1691 norunt
555 1637 678 1710 matres,
701 1632 827 1710 agnique
850 1630 961 1710 petulci

231 1719 382 1781 balantum
404 1718 546 1799 pecudes:
569 1720 623 1799 ita,
646 1718 724 1797 quod
747 1726 851 1780 natura
874 1721 1017 1800 reposcit,

162 1817 213 1867 300
232 1809 269 1869 30
292 1826 345 1870 303
368 1810 493 1888 quisque
516 1807 578 1867 iere
602 1806 763 1868 decurrunt
785 1807 877 1868 ubera
899 1806 992 1868 lactis.

232 1904 382 1977 postremo
405 1896 528 1976 quodvis
550 1895 731 1955 frumentum
753 1914 813 1956 non
836 1903 934 1956 tamen
957 1913 1044 1956 omne

233 1987 344 2064 quique
367 2003 420 2044 suo
443 2001 551 2063 genere
573 1985 652 2044 inter
676 2002 708 2044 33
732 1983 827 2045 simile
851 2003 916 2044 esse
939 1982 1066 2063 ridebis,

234 2075 305 2152 quin
328 2075 507 2133 intercurrat
529 2071 672 2150 quaedam
696 2072 835 2133 distantia
857 2073 969 2132 formis.
1046 2113 1049 2120 ,

234 2160 470 2239 concharumque
494 2177 587 2239 genus
609 2160 697 2240 parili
718 2163 832 2222 ratione
855 2161 989 2222 videmus

162 2257 215 2306 370
234 2252 357 2329 pingere
378 2247 494 2352 telquis
517 2250 675 2330 gremium,
698 2267 755 2327 qua
778 2249 916 2310 mollibus
939 2250 1027 2310 undis

234 2339 330 2398 litoris
353 2339 468 2397 incurri
489 2335 621 2396 bibulam
642 2338 723 2415 parit
745 2355 856 2417 aequor
877 2338 1025 2398 harenam.

235 2444 326 2506 quare
349 2428 437 2486 etiam
460 2433 547 2504 atque
570 2427 659 2485 etiam
682 2424 773 2485 simili
795 2427 909 2485 ratione
931 2432 1096 2506 necessest,

234 2522 338 2576 natura
361 2515 499 2593 quoniam
522 2519 658 2574 constant
679 2530 776 2592 neque
799 2513 874 2573 lacta
896 2531 985 2574 manu
1008 2521 1076 2573 sunt

234 2606 324 2665 unius
347 2603 382 2664 ad
406 2609 517 2663 certam
539 2601 663 2662 sormam
686 2600 848 2680 primordia
871 2619 984 2684 rerum,

164 2701 217 2751 330
235 2690 373 2754 dissimili
396 2693 474 2752 inter
497 2708 529 2751 33
552 2689 695 2769 quaedam
717 2688 839 2751 volitare
863 2691 965 2768 figura.

659 2797 677 2836 aa

235 2869 404 2949 perfacilest
426 2870 517 2928 animi
538 2868 652 2926 ratione
674 2865 826 2927 exsolvere
848 2866 935 2926 nobis

237 2975 328 3036 quare
350 2954 510 3018 fulmineus
531 2954 623 3015 multo
646 2955 826 3033 penetralior
848 2957 926 3034 ignis

238 3063 325 3124 quam
348 3050 449 3106 noster
471 3044 533 3103 luat
556 3060 572 3102 e
594 3043 689 3103 taedis
713 3043 906 3104 terrestribus
930 3050 1026 3105 ortus:

238 3133 336 3192 dicere
360 3134 439 3191 enirn
461 3132 559 3210 possis
582 3130 738 3191 caelestem
761 3131 893 3192 fulminis
916 3134 1015 3211 ignem

166 3230 219 3281 380
238 3218 377 3281 subtilem
398 3221 492 3297 magis
515 3237 532 3279 e
553 3221 652 3299 parvis
675 3228 811 3280 constare
835 3222 939 3299 liguris

238 3315 326 3388 atque
348 3306 415 3367 ideo
438 3310 565 3367 transire
588 3307 731 3368 foramina
755 3326 829 3387 quae
852 3311 956 3388 nequit
978 3311 1056 3387 ignis

237 3403 340 3459 noster
361 3395 411 3456 bic
433 3414 450 3456 e
472 3395 559 3474 lignis
583 3403 665 3457 ortus
688 3395 833 3477 taedaque
856 3404 981 3457 creatus.

237 3492 389 3568 praeterea
412 3483 513 3545 lumen
534 3503 588 3563 per
611 3502 735 3545 cornum
757 3487 877 3566 transit,
900 3491 930 3544 at
953 3483 1050 3544 imber

238 3577 397 3656 respuitur.
439 3569 551 3653 quare?
587 3575 644 3633 nisi
667 3572 789 3634 luminis
812 3572 861 3632 illa
884 3575 999 3632 minora
