2438 3998
587 242 627 297 u
1047 243 1111 308 1173
1200 330 1202 335 Ι

158 407 227 450 nam
248 389 324 451 benc
347 392 399 468 qui
422 388 552 450 didicere
575 390 646 451 deos
670 407 807 451 securum
833 408 920 469 agere
943 409 1058 472 aevom,
1085 413 1111 454 ea

159 481 185 538 si
207 485 306 538 tamen
328 479 442 538 interea
464 480 610 539 mirantur
633 496 690 557 qua
712 481 826 540 ratione

105 573 143 623 60
159 585 292 646 quaeque
315 568 380 644 geri
401 569 530 646 possint,
551 569 725 646 praesertim
748 565 838 627 rebus
861 566 975 628 inillis
1084 591 1111 630 eo

159 673 233 733 quae
258 673 365 733 supera
388 662 475 733 capnt
497 655 636 715 aetheriis
660 662 822 715 comuntur
842 657 874 715 in
898 658 973 736 oris,

105 759 140 808 60
158 761 263 804 rursus
285 746 317 804 in
340 745 475 822 antiquas
497 744 668 804 referuntur
689 742 842 821 religionis

158 838 189 891 et
211 832 345 892 dominos
369 833 445 892 acris
468 831 649 912 adsciscunt,
672 834 771 891 omnia
792 849 880 911 posse
1137 900 1140 905 ¹

159 937 233 999 quos
255 920 358 980 miseri
381 919 518 1000 credtmt,
540 921 636 998 ignari
658 918 730 998 quid
754 925 841 998 queat
864 937 943 1000 esse,
1035 953 1038 957 ·

105 1014 141 1065 65
158 1007 230 1086 quid
253 1015 391 1087 nequeat,
414 1007 496 1068 finita
519 1014 649 1086 potestas
672 1006 800 1086 denique
823 1009 929 1086 cuique

159 1114 284 1174 quanam
308 1098 346 1156 sit
368 1097 482 1156 ratione
505 1103 592 1174 atque
616 1095 673 1157 alte
695 1098 840 1156 terminus
861 1096 1001 1176 haerens3
1074 1138 1076 1142 ι
1105 1112 1107 1117 ·

105 1199 138 1249 co
158 1202 216 1263 quo
239 1186 332 1262 magis
355 1195 488 1245 errantes
511 1202 597 1244 caeca
619 1186 732 1244 ratione
752 1183 896 1244 feruntur.

158 1291 232 1352 quae
254 1274 313 1332 nisi
336 1274 452 1350 respuis
475 1290 511 1332 ex
534 1274 630 1332 animo
654 1271 798 1351 longeque
821 1274 949 1332 remittis

157 1361 204 1421 dis
225 1360 347 1439 indigna
368 1368 472 1439 putare
495 1360 648 1439 alienaque
670 1363 752 1438 pacis
775 1377 891 1440 eorum,

104 1455 140 1506 70
157 1448 283 1510 delibata
306 1447 393 1508 deum
416 1454 521 1527 perte
543 1448 598 1508 tibi
621 1451 742 1509 numina
765 1456 864 1509 saneta

157 1555 244 1616 saepe
267 1536 405 1617 oberunt3
428 1554 488 1596 non
512 1555 569 1616 quo
592 1536 694 1597 violari
717 1554 830 1597 summa
854 1535 941 1597 deum
964 1538 1008 1597 ris

104 1640 138 1691 το
155 1627 263 1706 possit,
285 1632 319 1685 ut
341 1643 376 1686 ex
399 1627 444 1684 ira
466 1642 575 1704 poenas
597 1632 697 1703 petere
721 1623 835 1685 inbibat
851 1627 947 1705 acris,

157 1714 207 1774 sed
232 1715 301 1794 quia
321 1719 384 1773 tute
408 1712 463 1772 tibi
485 1712 598 1791 placida
621 1731 782 1791 cumpace
806 1714 920 1791 quietos

157 1805 318 1862 constitues
341 1819 462 1879 magnos
485 1803 596 1861 irarum
618 1800 734 1861 volvere
756 1800 876 1881 fluctus,

103 1895 139 1947 75
156 1908 210 1950 nec
233 1888 356 1950 delubra
378 1890 465 1949 deum
488 1888 602 1968 placido
626 1907 692 1949 cnm
715 1896 835 1968 pectore
858 1887 966 1968 adibis,

156 1996 211 2038 nec
234 1976 269 2038 de
294 1994 416 2056 corpore
440 1995 514 2056 quae
538 1983 639 2037 sancto
662 1976 818 2037 simulacra
840 1976 976 2037 feruntur

103 2068 188 2131 toln
209 2074 324 2127 mentes
347 2065 500 2126 hominum
523 2064 637 2126 divinae
659 2066 762 2125 nuntia
784 2064 908 2145 formae,

95 2174 122 2221 ¹.
156 2157 307 2233 suscipere
330 2153 403 2214 haec
425 2155 516 2214 animi
539 2153 694 2232 tranquilla
717 2171 789 2232 pace
812 2152 930 2213 valebis.

155 2242 223 2303 inde
246 2242 347 2302 videre
369 2240 440 2302 licet
462 2241 556 2320 qualis
578 2244 637 2302 iam
659 2243 718 2301 rita
742 2249 889 2320 sequatur.

101 2335 141 2386 80
156 2349 244 2409 quam
267 2329 387 2409 quidem
408 2336 442 2390 ut
464 2348 481 2389 a
503 2329 589 2390 nobis
611 2331 686 2391 ratio
708 2331 861 2390 verissima
884 2328 970 2408 longe

155 2420 271 2499 reiciat,
294 2435 471 2496 quamquam
495 2425 563 2479 sunt
586 2436 602 2479 a
624 2436 671 2478 me
694 2417 784 2478 multa
806 2417 950 2498 prolecta,

101 2521 136 2570 80
155 2506 247 2567 multa
269 2512 368 2567 tamen
390 2513 503 2567 restant
525 2513 555 2567 et
577 2515 647 2567 sunt
669 2506 799 2566 ornanda
821 2505 920 2584 politis

153 2594 301 2655 versibus:
325 2601 370 2654 est
393 2597 467 2654 ratio
491 2593 565 2655 caeli
587 2593 733 2673 nubisque
757 2592 781 2676 †
803 2596 942 2677 tenenda,

154 2691 224 2742 sunt
246 2689 435 2761 tempestates
458 2690 488 2743 et
510 2681 631 2743 fulmina
655 2681 732 2742 clara
755 2682 898 2763 canenda,

101 2776 138 2826 85
156 2773 206 2849 qui
229 2772 301 2831 fiant
323 2779 353 2830 et
376 2789 432 2849 qua
456 2770 491 2831 de
515 2789 602 2830 causa
625 2788 750 2849 cumque
773 2770 918 2850 ferantur3

154 2876 191 2918 ne
214 2858 345 2938 trepides
368 2857 441 2918 caeli
463 2857 564 2918 divisis
587 2858 721 2937 partibus
744 2875 857 2937 amens,

100 2960 134 3010 85
154 2947 232 3007 unde
254 2947 355 3007 volans
377 2949 455 3024 ignis
477 2949 646 3026 pervenerit
668 2955 718 3006 aut
740 2948 772 3005 in
794 2952 890 3006 utram
913 2964 945 3006 se

153 3037 276 3095 verterit
297 3035 366 3096 binc
388 3037 508 3114 partim,
532 3052 589 3113 quo
612 3043 697 3114 pacto
720 3052 774 3113 per
796 3032 860 3093 loca
882 3040 965 3112 septa

153 3125 326 3203 insinuarit,
348 3130 378 3184 et
399 3123 469 3183 binc
492 3123 659 3183 dominatus
681 3129 715 3184 ut
737 3121 876 3182 extulerit
899 3140 939 3182 se.

99 3218 279 3291 eoquorum
303 3229 424 3291 opernm
449 3228 552 3271 causas
575 3210 654 3271 nulla
676 3213 789 3272 ratione
812 3210 911 3271 videre

152 3306 278 3379 possunt
300 3318 333 3360 ac
356 3301 422 3360 lieri
445 3300 544 3359 divino
566 3302 687 3360 numine
710 3305 821 3360 rentur.

101 3403 135 3452 eo
153 3395 185 3447 tu
208 3388 281 3448 mibi
304 3406 458 3468 supremae
480 3390 662 3467 praescripta
685 3388 721 3448 ad
744 3386 867 3448 candida
890 3386 978 3448 calcis

154 3476 286 3537 currenti
308 3478 434 3556 spatium
457 3482 672 3556 praemonstra,
696 3475 798 3538 callida
822 3494 906 3537 musa

364 3561 421 3642 [56
441 3563 497 3642 sq]
511 3591 554 3614 1=
570 3562 611 3627 88
632 3583 674 3643 sq.
694 3558 752 3647 (90
771 3557 838 3647 sq).
