2438 3998
579 221 616 277 IV
1040 221 1107 287 105

99 383 158 437 326
171 375 201 428 et
222 369 333 429 feriunt
356 367 469 448 oculos,
491 367 639 430 turbantia
662 371 884 449 composituras.
936 391 937 395 ¹
977 391 980 395 ’

171 463 323 536 praeterea
346 455 485 535 splendor
508 458 716 535 quicumqnest
738 476 805 520 acer
827 459 943 519 adurit·
1012 464 1033 485 ⁸

172 563 258 624 saepe
282 543 383 605 oculos
405 545 471 605 ideo
495 544 573 624 qnod
596 547 709 606 semina
730 546 863 625 possidet
885 548 962 624 ignis
1019 566 1022 572 ·
1064 565 1105 608 333

172 632 275 714 multa,
297 633 429 693 dolorem
451 632 544 693 oculis
568 651 642 712 quae
665 635 788 712 gignunt
810 633 994 696 insinuando.
1099 654 1105 692 ι

102 737 154 787 316
172 721 266 781 lurida
288 728 441 800 praeterea
464 722 538 781 flunt
561 739 762 801 quaecumque
787 729 909 784 tuentur

102 824 156 877 331
173 811 299 889 arquati,
322 810 390 888 quia
412 809 521 870 luroris
544 809 580 870 de
604 827 727 888 corpore
751 828 853 871 eorum

173 900 284 957 semina
306 897 397 958 multa
419 897 515 958 fluunt
537 897 703 958 simulacris
725 898 810 959 obvia
832 916 946 978 rerum,

172 985 321 1064 multaque
345 992 415 1046 sunt
436 985 530 1047 oeulis
551 988 583 1045 in
605 1004 709 1046 333331
731 986 859 1065 denique
881 989 985 1066 mixta,
1064 1007 1106 1048 ero

174 1092 247 1152 quae
269 1080 391 1152 contage
414 1092 467 1134 sua
489 1072 648 1152 palloribus
671 1076 769 1135 omnia
791 1077 924 1153 pingrmt.

103 1177 155 1227 333
174 1179 190 1220 3
212 1160 343 1223 tenebris
367 1168 464 1222 autem
488 1180 562 1240 quae
586 1168 655 1223 sunt
676 1165 708 1222 in
732 1161 795 1223 loce
817 1169 936 1223 tuemur

102 1264 158 1317 336
171 1258 327 1329 propterea
350 1251 431 1331 quia,
454 1267 521 1310 cum
544 1253 664 1329 propior
686 1249 820 1329 caliginis
843 1255 894 1311 aer
996 1271 997 1275 ¹

173 1345 237 1399 ater
258 1340 315 1401 init
336 1336 437 1398 oculos
459 1339 540 1416 prior
563 1344 593 1398 et
613 1338 746 1417 possedit
768 1346 898 1419 apertos,

173 1427 341 1505 insequitur
362 1425 490 1486 candens
516 1426 669 1486 confestim
691 1425 807 1488 lucidos
830 1431 894 1506 aer,
1065 1445 1107 1488 no

174 1516 226 1594 qui
245 1515 333 1593 ‚quasi
355 1520 460 1592 purgat
483 1531 533 1575 eos
556 1532 589 1575 33
611 1516 711 1593 nigras
733 1515 854 1575 discutit
876 1513 995 1575 umbras
1105 1565 1107 1570 .

104 1604 252 1668 33633313
274 1602 367 1662 illius:
389 1620 457 1661 nam
479 1601 580 1662 multis
602 1602 734 1680 partibus
756 1602 874 1662 bicest

103 1705 155 1756 341
172 1689 311 1750 mobilior
332 1689 491 1769 multisque
513 1691 654 1750 minutior
677 1697 707 1750 et
724 1708 807 1768 mage
825 1689 946 1768 pollens.

175 1781 226 1857 qui
248 1777 336 1838 simul
359 1786 446 1856 atque
468 1779 530 1838 rias
553 1777 707 1838 oculorum
728 1777 793 1838 1333
816 1777 939 1856 33313311

126 1919 128 1922 Α
174 1874 261 1944 31333
283 1866 434 1946 patefecit,
457 1884 529 1945 3333
552 1873 619 1926 3313
642 1865 797 1926 obsederat
819 1870 870 1925 aer
1066 1888 1108 1929 sao

175 1962 250 2035 ater,
273 1957 411 2014 continuo
434 1972 533 2014 rerum
556 1953 711 2015 simulacra
735 1961 888 2034 secuntur,

104 2058 156 2107 333
176 2061 249 2121 3333
273 2045 328 2103 3113
352 2050 420 2103 3331
442 2044 474 2101 13
495 2041 574 2123 luce,
596 2041 802 2120 lacessuntque
824 2048 858 2102 31
879 2041 1038 2103 rideamus.

104 2145 158 2197 346
175 2130 252 2209 quod
276 2138 378 2191 contra
400 2131 496 2190 facere
519 2129 704 2190 intenebris
727 2149 744 2190 e
766 2129 832 2190 luce
854 2133 1012 2210 nequimus
1066 2153 1107 2193 343

174 2225 330 2297 propterea
353 2221 421 2297 quia
442 2221 590 2297 posterior
612 2218 744 2296 caliginis
768 2223 818 2278 aer

176 2308 303 2366 crassior
324 2308 504 2387 insequitur,
526 2309 577 2385 qui
600 2313 705 2367 cuncta
727 2306 869 2367 foramina
892 2306 1018 2385 complet
1066 2327 1109 2369 sco

176 2393 344 2472 obsiditque
365 2396 427 2454 rias
450 2393 615 2476 oculorum,
638 2413 675 2454 ne
699 2393 854 2455 simulacra
1056 2413 1059 2417 ’

105 2499 157 2548 333
175 2484 290 2561 possint
310 2481 436 2543 ullarum
458 2500 558 2543 rerum
580 2485 712 2543 coniecta
734 2500 861 2543 movere.

105 2584 156 2638 351
175 2569 388 2649 quadratasque
410 2570 515 2649 procul
536 2573 627 2631 turris
651 2588 718 2631 cum
740 2573 889 2631 cernimus
911 2569 1008 2651 urbis,

175 2665 331 2737 propterea
353 2659 387 2718 lit
408 2660 452 2718 uti
473 2659 628 2720 rideantur
650 2676 737 2737 saepe
760 2658 918 2738 rotundae,

175 2745 298 2825 angulus
321 2753 443 2826 optusus
466 2749 534 2825 quia
556 2746 641 2825 longe
665 2748 795 2807 cernitur
817 2748 925 2826 omnis,
1067 2765 1111 2809 333

176 2836 238 2894 sive
261 2836 349 2894 etiam
371 2837 471 2914 potius
493 2853 552 2894 non
575 2836 706 2896 cernitur
729 2852 762 2894 33
784 2836 862 2912 perit
884 2835 949 2894 eius

105 2938 157 2986 343
174 2922 259 3002 plaga
281 2941 337 2982 nec
360 2921 395 2983 ad
418 2929 542 3004 nostras,
557 2924 635 2983 acies
657 2921 821 3001 perlabitur
842 2924 932 3002 ictus,

104 3025 159 3077 356
174 3015 242 3070 aera
262 3028 317 3090 per
338 3009 463 3070 multum
487 3003 555 3089 qnia
577 3010 647 3071 dum
670 3009 826 3070 simidacra
848 3010 996 3090 feruntur,

176 3101 254 3178 cogit
275 3097 435 3160 hebescere
458 3116 526 3159 eum
548 3097 661 3159 crebris
684 3098 845 3158 offensibus
868 3101 927 3158 333.

174 3187 230 3247 hoc
252 3185 305 3246 ubi
327 3186 447 3265 suffugit
469 3204 589 3247 sensnm
612 3186 700 3247 311331
722 3185 847 3265 angulus
869 3188 979 3266 omnis,
1067 3208 1113 3248 occ.

175 3276 208 3335 lit
231 3277 315 3354 quasi
337 3282 370 3335 ut
392 3275 428 3335 ad
450 3281 570 3335 tornum
592 3292 730 3335 saxorum
752 3280 863 3335 structa
886 3282 1016 3335 tuamor:

104 3380 235 3429 316333
256 3371 354 3424 tamen
376 3370 410 3423 ut
432 3381 530 3423 coram
554 3382 627 3443 quae
651 3369 720 3423 3331
742 3381 869 3441 vereque
891 3363 1032 3444 rutunda,

103 3467 158 3518 361
173 3451 225 3512 sed
249 3453 333 3529 quasi
356 3451 550 3512 adumbratim
572 3450 692 3530 paulum
714 3450 849 3512 simulata
871 3448 1047 3530 ridenturll

174 3537 279 3599 umbra
300 3538 416 3600 videtur
438 3541 510 3600 item
532 3540 618 3600 nobis
641 3542 673 3600 in
696 3539 757 3600 sole
780 3541 892 3599 moveri
