2438 3998
535 217 573 272 VI
998 215 1061 278 195

127 382 201 443 quae
224 364 352 426 calidum
375 366 487 426 faciunt
509 364 605 426 laticis
627 371 739 425 tactum
761 372 848 444 atque
873 382 1016 442 saporem.

126 453 195 513 inde
218 453 270 513 uhi
293 454 336 515 sol
359 454 451 514 radiis
473 461 584 514 terram
606 453 729 513 dimovit
751 453 871 514 obortus

53 547 111 598 870
126 548 156 601 et
177 543 316 603 rarelecit
338 541 431 603 calido
455 541 598 621 gliscente
621 559 741 622 vapore,
1021 562 1062 602 svo

126 648 230 690 rursus
253 633 285 690 in
308 632 443 710 antiquas
466 629 592 691 redeunt
613 629 775 708 primordia
799 629 884 690 sedes

55 731 106 782 865
126 720 216 798 ignis,
239 727 269 779 et
291 721 323 779 in
344 726 454 779 terram
478 718 557 778 cedit
578 718 658 778 calor
681 720 776 777 omnis
800 719 893 796 aquai.

127 805 251 884 frigidus
273 807 349 867 hanc
372 805 408 866 oh
431 825 495 867 rem
518 807 551 866 fit
573 806 638 866 fons
662 807 694 866 in
717 806 781 866 luce
805 805 918 866 diurna.

126 901 279 972 praeterea
301 894 372 955 solis
395 894 486 954 radiis
509 897 635 955 iactatur
657 896 744 973 aquai

53 988 112 1040 875
125 1000 211 1042 umor
234 990 263 1043 et
285 985 317 1043 in
339 983 435 1043 lucem
457 983 583 1043 tremulo
607 985 731 1043 rarescit
753 981 789 1042 ah
813 988 909 1042 aestu:
1021 1002 1060 1042 svs

126 1077 282 1149 propterea
304 1071 338 1130 fit
360 1073 404 1130 uti
426 1089 500 1150 quae
524 1072 637 1132 semina
660 1089 786 1150 cumque
810 1069 898 1130 hahet
920 1070 998 1147 ignis

53 1174 108 1224 870
127 1159 267 1241 dimittat,
291 1161 375 1237 quasi
398 1177 486 1238 saepe
510 1158 621 1240 gelum,
644 1159 721 1238 quod
746 1161 876 1219 continet
898 1159 929 1216 in
953 1175 998 1237 sc,

83 1327 85 1330 Α
126 1249 217 1307 mittit
239 1254 270 1307 et
292 1247 416 1306 exsolvit
438 1246 561 1325 glaciem
583 1247 735 1325 nodosque
758 1246 877 1308 relaxat.

169 1333 307 1413 Frigidus
330 1342 376 1395 est
398 1336 487 1395 etiam
509 1335 589 1416 fons,
612 1354 700 1415 supra
724 1353 812 1414 quem
835 1337 891 1394 sita
914 1351 1001 1412 saepe

53 1431 112 1482 880
127 1430 232 1502 stuppa
254 1425 324 1484 iacit
346 1423 492 1484 flammam
516 1431 656 1502 concepto
679 1426 815 1502 protinus
838 1425 912 1502 igni,
1021 1443 1060 1484 333

127 1511 269 1590 taedaque
293 1511 440 1572 consimili
463 1515 576 1573 ratione
601 1530 723 1572 accensa
745 1530 799 1590 per
821 1511 914 1571 undas

54 1615 109 1664 8⁷5
127 1599 274 1680 conlucet,
297 1618 482 1679 quocumque
505 1607 610 1660 natans
633 1598 794 1679 impellitur
817 1601 906 1659 auris.

126 1690 280 1768 nimirum,
303 1690 371 1767 quia
394 1690 517 1749 suntin
540 1707 614 1767 aqua
636 1687 781 1766 permulta
804 1689 921 1766 vaporis

127 1779 252 1857 semina,
275 1776 311 1837 de
334 1783 472 1856 terraque
495 1783 647 1836 necessest
670 1775 801 1835 funditus
824 1777 889 1853 ipsa

53 1873 111 1923 885
126 1866 203 1942 ignis
226 1882 350 1943 corpora
372 1883 426 1943 per
448 1870 542 1924 totum
566 1881 744 1942 consurgere
768 1863 879 1924 iontem
1020 1882 1061 1924 osa

127 1959 157 2012 et
180 1951 268 2013 simul
290 1954 440 2031 exspirare
464 1953 542 2013 loras
566 1955 705 2030 exireque
728 1954 759 2011 in
783 1970 881 2031 auraS,

52 2057 108 2107 880
126 2059 186 2100 non
208 2043 257 2100 ita.
271 2040 363 2101 multa
385 2048 497 2120 tamen,
521 2040 632 2101 calidus
655 2047 743 2118 queat
765 2047 799 2100 ut
821 2040 886 2099 fieri
909 2038 987 2119 lons,

126 2135 283 2207 propterea
305 2129 438 2208 dispersa
462 2129 539 2189 loros
562 2146 717 2207 erumpere
741 2130 820 2206 cogit

126 2219 171 2277 vis
194 2236 247 2296 per
270 2235 375 2295 aquam
398 2216 494 2277 subito
518 2234 695 2295 sursumque
719 2234 753 2276 33
776 2215 934 2276 conciliari.

54 2305 204 2384 &eoquod
227 2323 320 2383 genus
343 2305 418 2364 endo
441 2307 545 2365 marist
567 2304 656 2365 Aradi
679 2304 757 2384 lons,
781 2303 876 2365 dulcis
899 2306 984 2384 aquai
1021 2327 1061 2367 333

127 2395 179 2472 qui
201 2394 288 2453 scatit
310 2400 340 2453 et
362 2392 454 2453 salsas
476 2395 588 2453 circum
612 2411 644 2452 se
667 2392 797 2452 dimovet
817 2392 925 2453 undas:

54 2488 158 2548 83531
180 2481 280 2541 multis
304 2480 369 2540 aliis
391 2480 513 2559 praebet
535 2479 707 2559 regionibus
731 2498 842 2558 aequor

128 2569 285 2629 utilitatem
308 2576 501 2647 opportunam
525 2568 687 2630 sitientihu’
710 2571 820 2649 nautis,

128 2657 205 2737 quod
228 2657 323 2717 dulcis
345 2659 423 2716 iuter
447 2656 537 2717 salsas
559 2658 729 2718 intervomit
751 2657 853 2717 undas.

54 2753 113 2804 895
127 2747 170 2806 sio
193 2746 284 2823 igitur
304 2761 359 2823 per
381 2762 449 2806 eum
470 2753 595 2824 possunt
617 2763 773 2824 erumpere
796 2745 908 2806 fontem
1022 2766 1062 2807 331

128 2839 158 2893 31
180 2840 293 2893 3331313
316 2832 366 2893 illa
388 2833 467 2893 foras
489 2835 521 2893 in
544 2841 680 2913 stuppam
703 2835 829 2915 semina3
852 2851 909 2912 quo
932 2851 1000 2893 cum

55 2937 110 2988 890
129 2923 306 2981 conveniunt
328 2928 378 2982 aut
400 2923 431 2981 in
453 2921 549 2982 medai
572 2940 694 3001 corpore
718 2922 890 3001 adhaerent,

129 3008 286 3069 ardescunt
307 3009 392 3071 facile
415 3009 575 3091 extemplo,
598 3013 666 3090 quia
688 3009 780 3070 multa
803 3027 919 3088 quoque
943 3011 975 3069 in
998 3027 1031 3069 se

129 3099 242 3157 semina
264 3096 374 3158 hahent
394 3099 473 3176 ignis
496 3106 617 3177 stuppae
640 3098 800 3177 taedaeque
824 3097 950 3158 latentis.

55 3192 114 3245 900
129 3202 226 3246 nonne
250 3185 331 3246 vides
355 3187 456 3266 etiam,
478 3193 621 3246 nocturna
644 3186 680 3247 ad
702 3187 813 3247 lumina
836 3186 928 3246 linum
1023 3207 1062 3248 eoo

127 3292 223 3352 nuper
244 3272 297 3334 uhi
319 3275 481 3334 extinctum
504 3274 670 3355 admoveas,
693 3275 849 3337 accendier
871 3281 938 3334 ante

56 3379 216 3440 8933113111
239 3363 337 3441 tetigit
358 3361 517 3442 flammam,
540 3362 713 3441 taedamque
736 3365 801 3442 pari
823 3358 959 3423 ratione?

129 3450 279 3529 multaque
301 3458 454 3529 praeterea
475 3452 559 3531 prius
582 3453 647 3529 ipso
670 3457 746 3511 tacta
769 3469 875 3530 vapore

130 3541 246 3600 eminus
268 3538 425 3599 ardescunt
448 3557 535 3617 (1113111
558 3541 722 3600 comminus
745 3538 858 3599 imbuat
879 3540 971 3615 iguis.

810 3637 869 3691 tu*
