2438 3998
592 256 618 310 V

103 417 155 468 280
175 404 217 461 sic
239 405 330 480 igitur
352 401 445 462 solem
467 401 566 463 lunam
590 402 748 485 stellasque
770 404 962 483 putandumst

176 509 211 549 00
234 489 291 549 alio
315 497 401 569 atque
425 489 481 550 alio
504 488 600 550 lucem
623 492 731 551 iactare
755 491 877 553 subortu

175 585 205 637 et
225 581 353 657 primum
378 578 518 657 quicquid
541 577 726 638 flammarum
748 580 873 658 perdere
897 599 1027 661 semper,
1121 621 1123 626 -
1153 652 1156 661 ι

102 681 158 733 305
172 665 350 726 inviolabilia
372 666 444 726 haec
467 684 504 726 ne
528 666 631 726 credas
654 666 729 727 sorte
751 670 860 745 rigere.
1066 691 1106 732 eos

218 753 302 824 Quod
325 761 469 835 superest,
491 772 594 815 umore
617 772 692 814 novo
715 772 796 815 mare
818 755 939 817 flumina
957 757 1053 818 sontes
1066 778 1106 820 rer

102 857 155 907 285
175 860 292 920 semper
314 842 463 904 abundare
487 849 518 902 et
539 841 641 903 latices
663 861 782 903 manare
803 847 943 923 perennis

174 929 215 989 nii
239 949 312 1009 opus
336 938 381 991 est
403 930 514 991 verbis:
537 949 660 1008 magnus
683 931 826 992 decursus
848 950 990 1010 aquarum

173 1018 303 1097 undique
327 1018 463 1079 declarat.
501 1018 552 1078 sed
575 1021 704 1097 primum
727 1020 867 1098 quicquid
890 1024 976 1099 aquai

102 1121 160 1174 265
171 1105 297 1187 tollitur,
320 1109 352 1167 in
375 1125 546 1185 summaque
568 1107 603 1167 fit
624 1114 658 1167 ut
679 1106 723 1167 nil
744 1125 831 1167 umor
853 1107 994 1190 abundet,
1065 1132 1105 1173 ecs

173 1197 280 1273 partim
304 1194 382 1273 quod
404 1194 493 1254 validi
515 1202 668 1255 verrentes
690 1214 817 1273 aequora
839 1198 920 1256 venti

102 1297 155 1348 290
175 1282 343 1343 diminuunt
364 1283 514 1361 radiisque
537 1290 675 1344 retexens
698 1284 846 1344 aetherius
869 1283 926 1365 sol,

173 1373 280 1449 partim
304 1370 381 1449 quod
406 1378 508 1450 supter
529 1389 584 1449 per
605 1378 700 1432 terras
723 1371 835 1432 diditur
857 1376 966 1433 omnis:

173 1458 341 1537 percolatur
363 1461 443 1519 enim
465 1461 560 1539 virus,
582 1466 722 1538 retroque
744 1468 877 1520 remanat

100 1561 161 1612 270
171 1549 310 1607 materies
333 1550 445 1607 umoris
469 1554 499 1607 et
521 1547 557 1607 ad
580 1554 668 1625 caput
690 1548 825 1608 amnibus
848 1552 943 1609 omnis
1065 1573 1105 1612 ero

174 1638 323 1715 convenit,
346 1635 415 1695 inde
439 1653 529 1714 super
550 1642 645 1695 terras
668 1635 734 1695 lluit
756 1638 871 1714 agmine
895 1636 975 1711 dulci

101 1739 154 1787 295
174 1742 230 1802 qua
253 1725 299 1783 via
322 1731 402 1784 secta
426 1722 518 1783 semel
539 1722 651 1801 liquido
673 1723 748 1802 pede
771 1723 876 1784 detulit
897 1725 999 1785 undas.
1065 1749 1104 1788 rra

101 1824 158 1876 306
215 1811 347 1889 Denique
364 1829 424 1871 non
442 1810 554 1890 lapides
574 1829 689 1889 quoque
708 1813 787 1872 vinci
804 1815 902 1872 cernis
921 1804 1105 1895 abnerque

174 1918 233 1959 non
256 1898 328 1960 altas
350 1902 442 1960 turris
465 1917 552 1960 ruere
575 1905 606 1959 et
627 1906 799 1978 putrescere
823 1918 904 1979 saxa,

173 2006 232 2048 non
256 1987 377 2048 delubra
400 1987 487 2048 deum
511 1986 725 2065 simulacraque
748 1987 825 2047 sessa
848 1988 957 2069 fatisci,

174 2095 229 2136 nec
253 2084 386 2136 sanctum
409 2093 519 2136 numen
541 2075 594 2135 fati
616 2075 775 2154 protollere
797 2075 865 2136 finis

103 2177 155 2226 300
173 2182 261 2243 posse
284 2182 380 2242 neque
404 2164 544 2224 adversus
566 2170 687 2224 naturae
710 2163 830 2224 foedera
851 2161 928 2225 niti?
1065 2189 1105 2228 ero

101 2265 156 2315 311
173 2252 300 2330 denique
323 2269 383 2311 non
404 2254 585 2312 monimenta
607 2254 703 2312 virum
726 2251 837 2331 dilapsa
859 2251 1014 2314 videmus?

174 2358 317 2418 quaerere
340 2336 511 2419 †proporro
535 2339 593 2399 sibi
614 2335 768 2419 †oumque
792 2358 948 2402 senescere
972 2342 1084 2403 credas.

174 2447 233 2487 non
256 2445 343 2488 ruere
367 2427 480 2488 avolsos
503 2427 602 2488 silices
624 2446 641 2487 a
663 2427 813 2488 montibus
836 2428 903 2489 altis

174 2535 230 2577 nec
252 2515 361 2576 validas
385 2518 449 2576 aeri
471 2518 550 2576 vires
572 2516 704 2594 perferre
727 2520 846 2595 patique

103 2613 155 2662 305
173 2600 271 2664 finiti?
306 2622 402 2683 neque
426 2607 506 2664 enim
528 2604 667 2664 caderent
689 2604 786 2665 avolsa
808 2612 943 2686 repente,
1066 2626 1106 2666 00
1198 2606 1217 2615 ’“

103 2704 158 2754 316
174 2711 210 2753 00
233 2693 348 2758 infinito
373 2710 446 2771 quae
469 2700 602 2771 tempore
625 2692 855 2771 pertolerassent

175 2783 271 2840 omnia
293 2787 440 2841 tormenta
463 2783 579 2860 aetatiS,
601 2783 713 2859 privata
736 2780 859 2858 fragore.

217 2868 350 2946 Denique
364 2870 422 2929 iam
436 2875 519 2928 tuere
533 2868 599 2949 hoc,
614 2871 725 2928 circum
740 2886 886 2947 supraque
899 2868 976 2947 quod
988 2886 1104 2928 omnem

76 2950 80 2965 ¹
174 2959 305 3016 continet
327 2955 462 3035 amplexu
484 2963 608 3016 terram:
632 2959 658 3016 si
680 2964 817 3035 procreat
839 2974 875 3016 00
899 2975 931 3016 00

102 3062 154 3110 310
174 3047 280 3125 omnia,
299 3044 510 3123 quodquidam
525 3053 697 3125 memorant,
713 3046 877 3123 recipitque
891 3051 1051 3125 perempta,
1066 3069 1106 3108 000

101 3149 158 3201 321
172 3140 267 3193 totum
290 3134 387 3193 nativo
411 3150 444 3192 ac
466 3132 584 3193 mortali
606 3151 729 3211 corpore
752 3141 874 3193 constat.

173 3239 241 3281 nam
265 3220 471 3299 quodcumque
495 3219 565 3281 alias
588 3239 625 3281 00
648 3239 680 3281 00
703 3239 752 3281 res
775 3229 862 3300 auget
884 3220 1006 3302 alitque,

174 3299 308 3370 deminui
330 3308 430 3389 dehet,
451 3311 595 3389 recreari,
617 3327 685 3369 cum
707 3311 814 3389 recipit
835 3327 893 3369 res.

217 3397 372 3457 Praeterea
396 3399 421 3457 si
443 3396 523 3457 nulla
545 3397 601 3457 luit
623 3396 758 3475 genitalis
781 3399 863 3474 origo
936 3416 940 3423 ·

101 3502 154 3551 315
173 3495 321 3548 terrarum
344 3492 374 3544 et
397 3484 470 3546 caeli
493 3503 667 3564 semperque
692 3492 810 3546 aeterna
833 3485 929 3564 luere,
1067 3506 1106 3547 000

99 3589 157 3641 326
172 3594 225 3635 cur
248 3591 355 3653 supera
377 3572 487 3633 bellum
509 3573 680 3633 Thebanum
702 3579 732 3633 et
754 3573 857 3633 lunera
879 3573 984 3632 Troiae
