2438 3998
495 284 498 290 ·
565 247 603 300 ΠΙ

150 391 302 452 vermibus
326 399 355 451 et
378 394 477 470 privas
500 395 532 453 in
556 410 680 476 corpora
703 412 791 473 posse
814 399 916 457 venire
1007 406 1010 409 '

151 479 248 539 credis
271 497 327 539 nec
349 487 470 558 reputas
493 500 546 541 cur
568 481 650 541 milia
674 482 765 543 multa
788 486 952 545 animarum

151 570 327 627 conveniant
350 568 429 627 unde
451 586 510 628 una
533 562 705 650 recesserit,
727 570 784 631 boc
806 580 905 632 tamen
929 581 975 634 est
997 581 1030 633 ut
1054 596 1092 637 aas

152 655 354 733 quaerendum
376 656 511 716 videatur
534 665 564 717 et
586 659 622 717 in
641 656 801 733 discrimen
824 662 982 742 agendum,

82 759 133 809 725
152 753 252 804 utrum
274 742 394 803 tandem
417 746 530 804 animae
554 752 699 809 venentur
723 747 835 808 semina
851 767 992 828 ,quaeque

151 831 379 893 vermiculorum
403 834 543 912 ipsaeque
567 833 626 893 sibi
648 833 831 894 fabricentur
853 835 905 896 ubi
928 834 1001 917 sint,

152 938 189 979 an
212 922 297 999 quasi
320 919 494 998 corporibus
516 921 658 1000 perfectis
681 923 879 984 insinuentur.

152 1016 181 1068 at
203 1025 300 1086 neque
324 1026 378 1068 cur
401 1009 510 1068 faciant
528 1010 610 1088 ipsae
634 1028 761 1088 quareve
784 1009 919 1072 laborent
1053 1035 1092 1075 roo

152 1096 251 1156 dicere
270 1096 446 1175 suppeditat.
479 1114 575 1175 neque
595 1099 683 1178 enim,
704 1101 768 1159 sine
788 1117 912 1178 corpore
932 1118 998 1160 cum
1014 1107 1090 1180 suut,

82 1201 133 1249 730
158 1183 300 1244 sollicitae
323 1184 446 1244 volitant
469 1184 581 1245 morbis
604 1184 730 1265 alguque
753 1187 901 1266 fameque:

153 1290 260 1351 corpus
284 1273 363 1333 enim
386 1273 480 1350 magis
502 1272 550 1332 his
573 1275 653 1333 vitiis
676 1274 772 1335 adfine
795 1274 921 1356 laborat,

153 1367 183 1420 et
204 1358 280 1420 mala
303 1360 395 1420 multa
417 1362 533 1421 animus
557 1370 679 1440 contage
703 1363 835 1441 iungitur
859 1366 931 1425 eius.

153 1448 205 1508 sed
227 1455 326 1508 tamen
349 1449 396 1507 his
419 1456 483 1509 esto
507 1451 640 1528 quamvis
664 1450 761 1510 iacere
784 1450 856 1511 utile
881 1471 988 1530 corpus
1053 1474 1090 1514 rsa

153 1539 202 1596 cui
225 1536 362 1596 subeant:
386 1543 416 1596 at
439 1556 495 1616 qua
518 1540 635 1616 possint
657 1540 703 1597 via
726 1537 806 1598 nulla
828 1540 953 1600 videtur.

83 1641 133 1690 735
151 1625 223 1685 haut
245 1626 337 1703 igitur
359 1625 470 1684 faciunt
492 1627 606 1685 animae
631 1625 689 1686 sibi
711 1643 834 1705 corpora
858 1635 887 1686 et
909 1634 999 1687 artus.

55 1726 60 1732 ’
151 1731 221 1787 nec·-
230 1718 329 1772 tamen
352 1720 398 1772 est
419 1715 505 1791 utqui
527 1714 669 1792 perlectis
691 1716 880 1773 insinuentur

153 1800 339 1880 corporibus:
362 1818 459 1878 neque
483 1802 562 1860 enim
584 1808 725 1881 poterunt
747 1801 895 1880 suptiliter
919 1820 985 1862 esse

40 1905 293 1968 chonexae,
317 1907 413 1966 neque
436 1906 599 1948 consensus
623 1891 757 1967 contagia
780 1890 859 1949 fient.
1051 1912 1090 1952 uo

83 2032 85 2034 ,
195 1976 328 2054 Denique
352 1995 405 2036 cur
428 1978 504 2036 acris
528 1976 666 2037 violentia
688 1979 773 2037 triste
797 1976 915 2037 leonum

83 2082 134 2129 740
153 2066 311 2124 seminium
334 2066 482 2145 sequitur,
505 2062 606 2144 volpes
629 2063 728 2145 dolus,
751 2072 781 2124 et
803 2066 872 2143 iuga
895 2083 1011 2144 comer,

580 2172 597 2209 ’l‘

152 2147 168 2300 c
191 2239 328 2319 patribus
352 2239 440 2300 datur
462 2246 492 2301 et
514 2243 627 2319 patrius
650 2259 740 2319 pavor
764 2242 868 2301 incitat
890 2238 1008 2318 artusfl

153 2335 184 2387 et
205 2330 263 2388 iam
287 2334 384 2387 cetera
408 2328 444 2387 de
468 2345 576 2406 genere
599 2328 656 2388 boc
679 2347 732 2389 cur
756 2331 853 2389 omnia
875 2328 1016 2389 membris

153 2435 188 2476 er
213 2418 332 2475 ineunte
356 2433 427 2476 aevo
450 2424 647 2496 generascunt
671 2419 862 2497 ingenioque,
1045 2439 1089 2488 ,745

153 2506 274 2584 sinon,
298 2510 379 2564 certa
402 2522 455 2564 suo
479 2506 547 2583 quia
571 2507 684 2565 semine
708 2507 891 2583 seminioque

83 2610 133 2657 745
153 2594 197 2650 vis
221 2594 312 2651 animi
334 2594 445 2670 pariter
468 2594 576 2658 crescit
599 2611 666 2653 cum
689 2610 813 2672 corpore
837 2589 976 2671 quoque?

153 2680 231 2758 quod
255 2681 281 2739 si
304 2678 469 2739 inmortalis
492 2680 569 2739 foret
592 2687 622 2740 et
643 2687 758 2740 mutare
782 2679 892 2740 soleret

153 2785 289 2846 corpora,
312 2769 467 2846 permixtis
489 2769 652 2828 animantes
676 2767 809 2828 moribus
832 2775 943 2828 essent:

153 2855 295 2933 effugeret
318 2857 399 2914 canis
422 2854 557 2933 Hyrcano
581 2856 617 2915 de
641 2857 753 2915 semine
777 2873 864 2934 saepe
1050 2877 1091 2919 rso

153 2945 300 3021 cornigeri
322 2945 475 3002 incursum
498 2944 591 3023 cervi,
614 2949 813 3022 tremeretque
836 2962 890 3022 per
913 2962 998 3004 auras

82 3047 133 3096 750
153 3033 230 3090 atris
254 3032 395 3109 accipiter
418 3031 534 3108 lugiens
557 3032 694 3091 veniente
718 3030 865 3111 columba,

139 3120 309 3197 desiperent
331 3117 480 3198 homines,
504 3126 642 3198 saperent
663 3119 725 3178 iera
749 3118 844 3179 saecla
868 3119 1004 3179 serarum.

151 3205 223 3267 illud
247 3209 327 3267 euim
350 3206 422 3267 salsa
445 3206 540 3266 fertur
561 3209 690 3288 ratione,
714 3206 792 3286 quod
815 3209 898 3266 aiunt

151 3293 338 3355 inmortalem
361 3297 488 3355 animam
511 3301 622 3354 mutato
646 3312 769 3374 corpore
793 3293 885 3354 flecti:
1050 3315 1088 3357 aas

151 3383 229 3463 quod
252 3389 382 3443 mutatur
405 3385 498 3462 euim,
522 3381 705 3462 dissolvitur,
729 3384 832 3442 interit
851 3399 929 3459 ergo.

80 3488 131 3536 755
151 3473 329 3531 traiciuntur
352 3473 431 3531 enim
454 3477 554 3550 partes
573 3477 660 3549 atque
684 3469 787 3530 ordine
810 3472 949 3549 migrantq

151 3577 242 3638 quare
266 3557 390 3619 dissolui
413 3576 530 3638 qnoque
554 3557 662 3618 debent
684 3574 771 3637 posse
795 3575 850 3636 per
873 3563 965 3636 artus,
