2438 3998
381 881 423 965 Τ.
447 881 675 966 LUORETI
708 879 830 966 CARI

245 1033 335 1129 DE
380 1033 632 1132 RERUM
677 1034 964 1132 NATURA

428 1205 561 1270 orooro
584 1205 781 1283 corros

155 1493 228 1563 Quis
252 1495 330 1572 potis
353 1499 398 1552 est
421 1492 542 1570 dignum
564 1490 688 1570 pollenti
710 1500 829 1571 pectore
854 1511 971 1553 carmen

156 1580 283 1641 condere
306 1599 360 1659 pro
383 1598 482 1640 rerum
506 1582 658 1659 maiestate
680 1581 785 1658 hisque
808 1578 956 1659 repertis?

156 1671 258 1747 quisve
281 1666 357 1728 valet
379 1667 477 1727 verbis
499 1674 626 1748 tantum,
650 1670 702 1746 qui
724 1669 834 1746 tingere
857 1666 958 1729 laudes

155 1775 210 1835 pro
233 1759 347 1816 moritis
371 1758 434 1815 eius
456 1758 563 1834 possit,
587 1758 639 1833 qui
661 1754 729 1815 talia
752 1755 838 1816 nohis

120 1862 137 1910 5
157 1851 276 1923 pectore
299 1850 382 1922 parto
405 1861 457 1902 suo
481 1845 672 1922 quaesitaque
694 1845 823 1923 praemio
846 1840 953 1923 liquit?

156 1949 257 2011 nemo,
279 1939 312 1991 ut
335 1933 452 2011 opinor,
476 1933 532 1990 erit
554 1931 671 1992 mortali
694 1950 815 2010 corpore
839 1941 946 1994 cretus.

156 2038 223 2079 nam
248 2022 286 2099 si,
308 2026 342 2080 ut
364 2021 428 2097 ipsa
450 2021 525 2098 petit
546 2022 684 2081 maiestas
708 2023 822 2098 cognita
844 2039 958 2100 rerum,

156 2108 355 2186 dicendumst,
378 2107 450 2167 deus
473 2106 523 2167 ille
546 2108 615 2187 luit,
638 2109 724 2189 deus,
746 2107 855 2187 inclyte
876 2108 1007 2189 Memmi,

157 2199 207 2274 qui
229 2198 368 2275 princeps
392 2197 467 2254 vitae
490 2197 635 2256 rationem
656 2198 769 2257 invenit
790 2214 855 2256 cam
879 2216 951 2275 quae

104 2303 138 2350 10
156 2298 236 2344 nunc
259 2283 421 2362 appellatur
444 2286 600 2364 sapientia,
624 2287 732 2363 quique
754 2303 809 2363 per
831 2292 923 2345 artem

156 2371 295 2432 fluctibus
319 2390 334 2431 e
357 2373 447 2431 tantis
469 2374 559 2432 vitam
581 2375 729 2451 tantisque
751 2371 883 2432 tenebris

156 2462 187 2520 in
210 2468 270 2519 tom
292 2458 451 2538 tranquillo
475 2467 587 2520 ettam
610 2459 687 2520 clara
710 2459 775 2520 luce
799 2460 912 2521 locavit

156 2549 258 2609 conler
281 2551 360 2608 enim
384 2548 481 2608 divina
505 2547 629 2608 aliorum
651 2550 769 2627 antiqua
793 2556 917 2627 reperta.

156 2654 282 2715 namque
307 2636 396 2697 Ceres
420 2636 514 2696 lemur
536 2636 635 2714 fruges
657 2635 803 2714 Liberque
827 2635 951 2714 liquoris

105 2744 137 2791 15
157 2727 278 2802 vitigeni
301 2724 418 2784 laticem
440 2723 613 2784 mortalibus
635 2725 812 2804 instituisse,

156 2831 223 2874 cum
245 2820 345 2873 tamen
367 2812 414 2872 his
436 2819 538 2891 posset
560 2813 623 2872 sinc
646 2811 735 2871 rebus
758 2813 816 2871 vita
839 2830 970 2893 manere,

155 2909 189 2962 ut
211 2901 316 2961 famosi
338 2899 450 2979 aliquas
474 2902 562 2960 etiam
584 2917 663 2961 nunc
685 2903 782 2960 vivere
806 2901 914 2978 gentis:

154 2997 184 3049 at
206 2988 282 3049 bene
306 3007 366 3049 non
388 2995 504 3067 poterat
527 2989 591 3047 sine
613 3006 688 3066 puro
710 2995 830 3067 pectore
852 2990 923 3069 rivi3

111 3116 114 3122 ·
155 3096 213 3156 quo
237 3079 330 3156 magis
353 3076 402 3137 hic
424 3078 530 3137 merito
553 3075 639 3136 nobis
662 3076 735 3137 deus
759 3095 824 3138 csse
847 3077 976 3158 videtur,

101 3182 136 3231 20
154 3184 191 3225 ex
215 3184 273 3244 quo
296 3184 375 3226 nunc
398 3167 486 3225 etiam
508 3181 705 3243 permagnos
728 3164 820 3226 didita
843 3168 938 3244 gentis

155 3252 252 3315 dulcia
274 3252 458 3332 permulcent
481 3254 594 3313 animos
617 3251 725 3313 solacia
746 3255 831 3313 vitae.

153 3341 290 3403 Herculis
313 3344 453 3402 antistare
477 3349 576 3402 autem
599 3342 625 3401 si
648 3341 724 3401 lacto
746 3341 879 3422 putabis,

154 3431 271 3510 longius
295 3449 311 3491 a
334 3447 403 3491 vera
424 3430 517 3491 multo
540 3431 654 3490 ratione
677 3430 782 3490 serere.

153 3519 225 3599 quid
248 3518 412 3580 Nemeaeus
433 3521 515 3579 enim
536 3517 623 3579 nobis
645 3535 728 3579 nooc
747 3515 1007 3595 mopoosoxstos

883 3609 926 3666 (δὴ
