2438 3998
147 221 249 276 XXXII
509 216 793 273 PROLEGOMENA.

236 367 312 427 Sunt
347 372 445 425 autem
482 365 556 424 duae
593 382 654 442 res,
690 363 797 443 quihus
833 370 901 443 post
936 363 1158 425 Lachmannum

148 454 268 516 Lucreti
287 454 416 514 editores
436 454 520 531 quasi
542 453 574 511 in
591 458 710 531 patente
729 450 865 512 licentiae
884 469 988 532 campo
1006 470 1068 513 non
1090 471 1159 513 raro

149 543 271 603 edusius
286 547 441 602 currentes
455 540 635 600 ceciderunt.
667 557 734 600 cum
751 541 831 600 enim
844 538 1025 601 Lachmanni
1038 543 1159 619 ingenio

148 631 258 691 iactum
277 636 365 709 esset,
382 635 416 688 ut
435 626 505 706 quid
528 629 559 686 in
578 645 694 706 quaque
714 627 865 706 archetypi
885 630 991 707 pagina
1013 631 1160 706 scriptum

149 720 254 780 luisset
280 724 311 777 et
329 734 387 795 quo
411 718 554 793 cuiusque
572 716 696 795 paginae
719 715 783 775 loco
807 717 932 794 quisque
955 734 1061 777 versus
1084 718 1159 777 exti-

148 808 235 866 tisset
253 807 325 865 sciri
338 811 447 884 posset,
461 821 587 881 cumque
606 802 685 863 idem
704 803 936 864 demonstrasset
948 803 1161 865 nonnullarum

148 896 322 973 paginarum
352 899 453 972 partes
484 892 600 952 infimas
632 892 775 952 rescissas
806 891 911 973 finisse,
938 891 1073 953 nonnulli
1103 894 1161 953 viri

149 982 229 1042 docti
251 983 283 1040 in
305 980 450 1061 versibus,
473 997 547 1058 quos
570 981 603 1039 in
626 979 771 1039 eiusmodi
794 979 945 1059 archetypi
967 979 1041 1041 locis
1064 982 1160 1060 scrip-

149 1079 195 1131 tos
227 1071 319 1131 luisse
351 1070 465 1129 ratione
498 1066 643 1127 subducta
674 1069 860 1148 invenerant,
886 1086 924 1128 ne
954 1067 1161 1130 audacissimis

149 1159 270 1238 quidem
296 1154 509 1217 mutationibus
538 1154 746 1216 abstinendum
776 1162 930 1236 putarunt,
957 1174 992 1216 ea
1022 1173 1161 1218 nonnun-

151 1265 239 1326 quam
266 1247 468 1321 immutantes,
496 1260 571 1321 quae
600 1244 754 1303 sanissima
785 1261 851 1304 esse
883 1251 951 1323 post
975 1243 1162 1306 intellectum

151 1341 204 1394 est.
245 1331 331 1391 aliam
358 1330 501 1409 peccandi
524 1332 774 1409 opportunitatem
796 1331 1005 1410 glossematum
1028 1334 1161 1412 suspicio

150 1420 243 1500 dedit,
272 1419 308 1479 ad
336 1436 423 1497 quam
451 1425 521 1478 sunt
548 1420 599 1496 qni
626 1420 714 1478 nimis
742 1419 827 1480 facile
855 1420 1013 1498 coningere
1037 1418 1162 1481 soleant

151 1516 197 1569 est
225 1515 322 1568 autem
350 1509 381 1566 in
409 1513 470 1566 toto
494 1508 623 1566 carmine
651 1524 689 1566 ne
716 1525 809 1567 unum
832 1507 950 1586 quidem
973 1507 1162 1586 glossematis

150 1598 308 1675 uestigium
344 1602 467 1656 certum.
517 1596 549 1654 in
584 1611 642 1672 quo
674 1613 783 1672 genere
814 1597 860 1655 vir
891 1595 963 1656 alias
995 1597 1163 1657 acutissimi

151 1686 256 1747 iudicii
292 1692 321 1745 ct
358 1701 488 1745 summae
524 1683 699 1762 prudentiae
730 1681 908 1762 Bernaysius
944 1702 1014 1763 prae
1051 1686 1162 1746 ceteris

151 1776 283 1854 peccavit
309 1775 479 1853 insigniter,
503 1790 570 1831 cum
597 1771 688 1849 praei.
712 1789 740 1849 p.
763 1771 803 1831 Xl
830 1773 950 1850 scripsit
976 1770 994 1831 l
1017 1771 1044 1831 ll
1066 1791 1095 1833 v.
1119 1770 1162 1833 42

150 1858 285 1940 Metui
298 1878 364 1920 esse
378 1859 524 1938 glossema
533 1858 568 1918 ab
579 1861 664 1919 initio
674 1858 710 1918 ad
719 1855 866 1920 subsidiis
875 1858 1065 1941 adscriptum,
1076 1862 1164 1940 quasi

152 1965 328 2027 quemquam
356 1950 475 2007 omnino
498 1945 535 2005 ad
557 1964 677 2007 carmen
699 1946 908 2007 Lucretianum
930 1947 1089 2026 legendum
1113 1948 1164 2010 ad·

152 2052 286 2115 gressum
306 2052 371 2094 esse
390 2032 531 2094 credibile
556 2035 602 2115 sit,
627 2036 678 2112 qni
701 2035 772 2114 quid
794 2041 895 2095 essent
915 2031 1056 2097 subsidia
1078 2039 1163 2116 igno-

151 2130 239 2182 raret
289 2124 347 2181 iam
378 2127 449 2199 puto
482 2123 631 2181 neminem
663 2124 839 2183 miraturum
870 2140 951 2204 esse,
975 2123 1053 2202 quod
1084 2125 1164 2186 infra

152 2209 298 2271 eiusmodi
325 2211 455 2289 inventa,
482 2210 514 2269 in
542 2208 648 2287 quibus
676 2212 767 2271 nimia
794 2213 834 2270 sit
860 2209 991 2291 licentia,
1018 2210 1163 2293 pleraque

151 2316 190 2358 ne
226 2299 516 2358 commemoraverim
548 2297 675 2374 quidem.
740 2298 813 2358 haec
849 2298 885 2359 de
922 2298 1050 2382 legibus,
1089 2320 1164 2381 quas

151 2388 339 2466 potissimum
362 2386 393 2443 in
417 2387 546 2444 carmine
570 2386 752 2446 emendando
776 2394 896 2447 secutus
919 2405 994 2448 sum.

241 2473 305 2544 Quo
323 2474 355 2532 in
371 2474 489 2550 negotio
508 2472 643 2551 pluribus
663 2472 736 2534 locis
754 2492 814 2534 non
833 2475 1023 2535 mediocriter
1041 2475 1164 2538 adiutus

153 2579 219 2622 sum
237 2559 430 2640 epistularum
453 2562 639 2641 commercio,
662 2561 741 2640 quod
764 2562 837 2622 mihi
860 2581 928 2623 cum
947 2561 1051 2624 Carolo
1073 2562 1163 2625 Gius·

153 2667 224 2709 sano
252 2649 308 2709 suit
333 2648 557 2729 Mediolanensi,
582 2651 645 2708 viro
673 2657 706 2710 ut
732 2652 879 2729 imprimis
908 2652 994 2712 docto
1022 2659 1052 2712 et
1074 2659 1164 2713 acuto

152 2740 192 2797 ita
228 2737 455 2817 humanissimo,
492 2739 543 2816 qui
579 2754 645 2797 cum
681 2737 855 2816 propediem
885 2737 1056 2800 Lucretium
1093 2746 1165 2802 cum

153 2827 364 2885 commentario
396 2824 495 2884 ltalice
526 2826 636 2902 scripto
668 2824 704 2884 ah
737 2843 769 2885 se
802 2826 914 2887 editum
941 2829 980 2888 iri
1005 2826 1080 2887 mihi
1107 2846 1166 2908 per

152 2913 266 2974 litteras
298 2914 476 2992 nuntiasset,
509 2914 787 2974 communicavimus
819 2916 899 2975 inter
925 2933 993 2994 nos,
1025 2914 1097 2993 quid
1125 2915 1164 2976 de

153 3002 226 3063 locis
258 3019 318 3061 non
344 3002 446 3079 paucis
474 3001 660 3060 sentiremus.
715 3003 800 3061 cuius
828 3004 884 3063 viri
911 3020 1065 3062 assensum
1093 3021 1163 3064 cum

152 3090 274 3169 plurimi
297 3090 409 3168 faciam,
432 3105 491 3148 non
514 3106 582 3148 raro
605 3091 724 3148 nomine
748 3091 812 3150 eius
836 3090 950 3150 adiecto
973 3107 990 3149 a
1012 3108 1059 3150 me
1083 3090 1163 3151 indi·

153 3180 215 3237 cari
237 3176 359 3236 videbis,

240 3263 274 3324 ln
293 3264 528 3342 orthographicis
547 3263 629 3324 nolui
647 3264 764 3344 longius
782 3285 798 3326 a
816 3265 996 3326 Lachmanni
1008 3263 1164 3347 Bernapsii

152 3351 306 3414 Munronis
333 3351 483 3412 scribendi
511 3354 624 3412 ratione
652 3355 671 3414 i,
695 3372 719 3414 e.
748 3373 764 3413 a
789 3353 932 3413 librorum
954 3372 1044 3414 manu
1066 3357 1164 3434 scrip-

152 3449 251 3502 torum
270 3441 449 3519 optimorum
467 3441 524 3500 fide
544 3441 710 3523 discedere,
730 3459 856 3520 quornm
874 3444 1080 3502 auctoritatem
1093 3461 1164 3504 cum

153 3529 218 3590 aliis
241 3531 273 3588 in
295 3528 385 3588 rebus
407 3536 471 3590 tum
494 3530 584 3588 etiam
606 3531 637 3588 in
657 3531 881 3589 consonantium
900 3530 1164 3593 assimilationihus
