2438 3998
104 238 170 302 220
510 238 701 293 6666666,
814 221 816 226 ’

104 413 177 464 6666
194 397 359 467 interrumpi
377 414 434 451 non
447 398 615 452 debuissent.
643 397 676 453 cf.
696 413 769 466 quae
787 396 825 450 ad
842 415 866 452 v.
881 402 932 450 222
952 395 1061 466 scripsi.
1078 427 1111 438 -

105 473 156 520 344
174 469 212 522 ad
229 475 338 524 1666661
354 475 465 523 1666166
482 468 540 522 Lm.
560 469 590 522 B.
609 468 647 521 Br
668 512 673 523 .
702 485 753 537 pro
770 474 892 523 1666166.
911 469 984 522 tueri
1000 468 1040 522 acl
1058 475 1112 522 tor·

103 555 170 591 6661
188 538 297 606 aliquid
315 540 358 591 est
371 539 412 592 ita
425 541 510 607 lucri,
526 542 560 592 ut
576 488 681 593 tuendo
700 539 860 610 (616432)
879 538 961 607 qnasi
973 539 1109 592 tornetur.

104 607 193 662 Giuss.
218 625 281 661 curn
302 608 353 663 116.
377 603 789 677 16666166,666161166616616
811 625 868 664 non
888 608 1058 663 necessaria.
1077 640 1109 648 -

104 677 193 732 Giuss.
212 695 322 733 versum
338 685 390 733 435
413 682 479 750 post
496 699 519 734 6.
539 685 591 733 386
610 681 727 749 prolude
749 681 839 734 661611
858 681 956 735 eleum
974 681 1027 734 616.
1052 679 1109 734 Lm.

103 749 234 817 collocat,
253 751 302 818 qui
320 753 349 804 et
367 767 417 805 suo
433 751 496 805 loco
515 752 675 820 aptissimus
693 754 736 805 est
754 753 842 818 6166,
860 767 916 819 quo
933 749 1110 818 transfertur,

103 835 160 873 non
182 820 363 875 desideratur.
392 853 426 861 —
453 827 505 875 401
530 822 615 875 etiam
638 820 727 876 Giuss.
751 822 891 890 despicere
915 820 1028 890 scribit,
1056 837 1111 875 non

102 893 178 944 66616
194 886 213 945 a
230 891 409 946 Lachmanno
428 892 598 947 damnatum.
632 899 684 947 402
704 895 733 946 61
750 898 802 946 445
819 891 920 962 pudet,
939 892 1018 960 quod
1035 893 1111 945 utro-

102 960 188 1029 bique
206 963 331 1017 mirande
353 961 472 1017 scribere
495 980 579 1018 66666
601 980 658 1017 666
676 981 744 1017 snm.
778 962 876 1017 scribit
893 961 1058 1017 Ginssanus.
1077 993 1109 1003 -

102 1036 155 1085 466
171 1050 210 1101 sq.
234 1035 306 1088 rullo
329 1041 390 1088 orte
408 1077 414 1088 .
434 1077 440 1088 .
460 1076 466 1088 .
486 1051 555 1104 6666
581 1041 638 1089 1616
660 1036 694 1088 ab
721 1035 843 1089 66661666
869 1039 973 1101 aptast
997 1032 1108 1088 Hoefer.

104 1101 240 1157 (11666666
259 1119 332 1172 6666
349 1104 433 1175 vulgo
451 1105 583 1176 leguntur
600 1121 657 1158 non
674 1105 773 1174 inepta
790 1104 926 1159 videntur.
945 1134 980 1145 -
1003 1103 1014 1186 (Ι
1032 1110 1085 1159 476
1101 1104 1111 1176 (Ι

104 1173 193 1228 (11666.
218 1175 417 1228 616611666116.
451 1193 520 1244 6666
544 1176 929 1230 6661666166616661666166
955 1174 1028 1228 dic1t
1053 1191 1112 1228 esse

102 1244 213 1298 formas.
242 1244 324 1313 quasi
335 1245 441 1299 formae
454 1262 511 1300 non
524 1246 611 1299 etiam
624 1245 788 1300 intenebris
802 1247 909 1312 extent,
929 1244 963 1299 cf.
978 1245 1005 1299 11
1023 1251 1110 1299 801-

104 1321 156 1368 864
178 1315 236 1370 Lm.
264 1346 298 1356 -
326 1321 377 1369 491
396 1334 413 1371 6
432 1322 483 1369 492
509 1333 595 1385 quam
618 1333 730 1371 necesse
753 1317 859 1371 6111616
881 1315 991 1383 aliquid
1015 1317 1111 1370 deesse

104 1386 257 1439 existimari
267 1386 399 1454 declarat,
410 1387 516 1456 opinor,
527 1386 658 1442 Giussani
666 1388 798 1459 vulgatae
808 1386 941 1454 defensio,
952 1403 1017 1441 oum
1026 1387 1109 1440 inter-

102 1458 237 1526 pretatur:
252 1456 383 1511 concidat
395 1458 461 1525 6116,
477 1459 708 1513 66661661611666
724 1458 867 1529 fugiende,
878 1457 958 1525 sequi
966 1473 1025 1511 non
1038 1457 1111 1529 fugi-

104 1527 184 1595 ende,
195 1528 276 1596 quasi
289 1528 344 1582 hoc
356 1530 442 1583 citare
453 1530 481 1582 et
493 1531 628 1598 sequipes
637 1545 666 1582 se
679 1530 800 1597 6616661,
810 1528 917 1582 nonita
930 1529 963 1581 61
977 1529 1111 1582 advitam

104 1598 321 1652 conservandam
329 1599 491 1652 referantur.
502 1630 536 1640 -
552 1605 648 1668 61166.
663 1599 720 1654 Lm.
736 1601 856 1669 (49466.)
872 1599 923 1651 1116
936 1600 1015 1654 tibist
1027 1601 1112 1670 161166

104 1670 155 1722 eto.
174 1669 244 1723 haee
261 1669 345 1723 verbe
364 1669 453 1724 Giuss.
472 1672 537 1739 post
555 1675 605 1724 521
624 1670 765 1738 transfert,
784 1670 883 1723 61666
896 1670 1063 1734 necessario,
1082 1670 1111 1723 61

103 1755 160 1793 666
178 1740 280 1809 inepte.
291 1771 325 1780 —
337 1746 386 1794 611
398 1758 457 1809 sqq.
530 1742 640 1808 6166166,
658 1744 770 1810 quippe,
785 1758 836 1809 per
907 1757 1003 1794 666661
1016 1739 1109 1794 Wlnn.

103 1809 167 1882 Brg.
192 1809 280 1865 Giuss.
303 1842 337 1852 —
365 1817 416 1864 515
439 1812 554 1880 66616116
574 1856 622 1868 ...
642 1813 697 1866 6616
714 1829 732 1867 s
749 1812 814 1881 Brg.
834 1811 920 1864 etiarn
938 1810 1045 1879 (11666,
1063 1811 1111 1880 661

102 1883 199 1934 tamen
215 1882 299 1952 longe
318 1881 401 1936 aliter
419 1883 626 1951 interpretetur.
646 1913 681 1923 —
700 1888 750 1936 529
770 1880 860 1936 (11666.
880 1898 944 1936 cum
960 1881 995 1935 Is.
1011 1881 1112 1936 Vossio

103 1953 269 2022 Berecyntio
287 1953 413 2007 barbaro.
431 1984 467 1993 —
489 1959 540 2006 636
555 1970 594 2021 sq.
613 1955 686 2007 wado
703 1971 761 2007 666
780 1952 892 2024 (Β6611.)
907 1954 1035 2022 profecta
1049 1970 1111 2022 pcr-

103 2024 269 2078 6661616666
292 2040 425 2093 quaeque:
449 2025 522 2077 6616
547 2027 609 2078 e'lla
632 2025 805 2092 6166166166).
829 2039 894 2088 666,
919 2041 1041 2092 quaeqae
1067 2042 1112 2078 66-

104 2094 294 2148 (6666616616
313 2092 368 2158 OQ.
389 2093 492 2162 (11666,
516 2095 592 2162 quod
614 2094 681 2148 olim
703 2095 744 2164 (in
761 2094 859 2163 philol.
877 2093 980 2146 XXXH
1001 2110 1030 2163 p.
1050 2097 1112 2164 485)

104 2164 295 2218 commendavi
313 2167 414 2232 etque
433 2168 507 2219 stare
526 2165 668 2219 161161-
686 2170 737 2218 556
755 2166 852 2219 sellulis
870 2166 961 2218 adlisa
979 2165 1047 2220 16616
1061 2209 1067 2220 .
1083 2208 1110 2220 ..

103 2232 275 2305 1116)(11666.
299 2265 332 2275 —
357 2240 407 2288 577
426 2237 537 2290 acidam
558 2237 897 2306 616161666166166666,
924 2234 1001 2303 quod
1023 2236 1112 2290 scribe

103 2304 228 2374 potuisse
247 2321 264 2357 6
281 2306 366 2374 poeta
385 2304 473 2359 Giuss.
493 2321 550 2359 non
566 2307 724 2375 persuadet.
757 2307 788 2359 in
800 2307 923 2359 mentem
936 2321 1029 2374 nuper
1045 2307 1112 2373 mih,

104 2375 410 2430 66611661166161616
434 2380 660 2444 encaemorum,
683 2377 700 2430 i.
721 2393 743 2431 e.
763 2377 887 2430 amoenis
905 2375 1012 2429 fabulis
1031 2376 1112 2431 facile

105 2462 134 2499 se
153 2445 216 2514 capi
233 2445 380 2514 patiuntur
397 2446 531 2500 homines.
557 2477 590 2487 -
615 2452 665 2501 581
685 2449 847 2516 colloquium
864 2454 896 2502 61
914 2491 920 2502 .
937 2488 943 2500 .
959 2490 965 2500 .
984 2449 1112 2513 videmur

105 2533 141 2570 so.
156 2517 234 2570 66616
252 2517 383 2572 lacessere.
412 2515 501 2570 Giuss.
516 2519 545 2571 et
563 2517 613 2570 alii
626 2519 657 2570 in
669 2534 699 2571 re
713 2518 919 2587 simplicissima
934 2518 1113 2588 argutanturi

104 2587 223 2657 pessime
247 2587 285 2653 ei,
308 2586 357 2654 qui
378 2588 499 2642 uidemus
520 2604 571 2657 pro
594 2590 722 2643 audimus
745 2589 802 2643 dici
822 2590 937 2658 putant,
962 2604 1019 2656 quo
1042 2589 1113 2642 nihil

105 2657 252 2711 absurdius
276 2673 335 2710 esse
357 2660 451 2727 potest
474 2674 506 2712 eo
528 2659 603 2726 loco,
626 2659 676 2712 ubi
699 2660 734 2713 de
756 2659 818 2729 ipso
837 2659 937 2713 auditu
956 2660 1059 2730 agitur.
1078 2691 1114 2702 -

104 2727 510 2801 ((586-59416666161666.
530 2747 626 2799 snpra,
649 2731 667 2784 1.
687 2747 709 2784 6.
729 2749 770 2785 vv.
790 2735 930 2784 546-550
954 2730 989 2782 (16
1015 2730 1113 2784 eadem

104 2817 134 2853 66
152 2799 210 2852 iarn
228 2800 419 2854 (11616666666.
452 2816 505 2872 ego
519 2803 569 2855 aut
581 2801 653 2854 nihil
667 2803 717 2854 aut
729 2818 830 2870 parum
842 2800 976 2854 interesse
992 2801 1064 2856 dioc.
1079 2831 1113 2842 -

106 2876 156 2925 595
171 2889 230 2939 sqq.
250 2868 339 2924 Giuss.
354 2871 446 2925 versui
464 2877 515 2925 585
530 2871 644 2940 subicit,
663 2875 695 2926 ut
708 2871 801 2927 Wkn
817 2873 846 2926 et
858 2871 1004 2942 Kanneng.
1020 2873 1114 2927 volne-

104 2945 177 2996 runt.
206 2958 258 3013 ego
272 2941 396 2996 versibus
409 2943 510 2996 mediis
524 2942 639 2996 seclusis
652 2942 728 2996 idem
741 2943 800 2996 fere
814 2941 901 2997 effeci.
917 2948 1020 2996 -ueo
1035 2974 1069 2984 —
1080 2974 1113 2984 —

105 3014 219 3068 6666661
237 3013 280 3084 Β.]
295 3010 384 3067 (11666.
400 3056 406 3067 .
423 3056 429 3068 .
445 3015 603 3082 ,66666166
621 3014 679 3068 loca
697 3015 805 3068 6661166
823 3014 918 3068 abditu
935 3020 1008 3068 retro
1022 3016 1115 3068 661616

106 3101 174 3154 6666
188 3085 288 3138 circum
301 3085 417 3150 fervunt.
444 3082 542 3149 Giuss,
557 3083 598 3137 ita
611 3086 707 3137 tamen
719 3087 752 3138 ut
766 3083 883 3138 dubitet.
899 3113 933 3126 -
948 3088 1002 3137 694
1020 3092 1115 3153 saepta

105 3157 181 3208 16166
199 3155 286 3208 etiarn
304 3153 394 3208 Giuss.
409 3185 443 3194 -
458 3159 508 3207 615
529 3154 613 3208 debui
632 3156 734 3209 addere
753 3157 923 3226 (1661661666
940 3154 1000 3208 iarn
1019 3171 1037 3209 a
1054 3155 1115 3209 Μ6-

104 3226 177 3278 66116
191 3225 326 3293 soriptum
339 3240 406 3279 csse.
426 3255 460 3265 -
479 3230 530 3277 616
541 3243 580 3293 sq.
599 3233 631 3280 61
643 3228 781 3281 videamus
799 3243 817 3281 6
834 3226 982 3295 expediam.
1007 3229 1116 3280 utrum-

105 3312 159 3364 qne
177 3295 279 3365 probat
297 3294 400 3363 (11666,
422 3295 499 3348 idem
520 3312 614 3349 666666
638 3297 686 3364 661
709 3298 863 3364 sequuntur
885 3296 926 3350 ita
950 3295 1049 3350 scribit
1069 3299 1115 3338 ‘—

104 3373 234 3434 16616666
244 3396 278 3407 -
288 3397 321 3406 -
332 3397 366 3407 -
380 3373 460 3436 66661
473 3366 532 3433 —’;
552 3383 606 3434 quo
622 3367 690 3434 qnid
702 3367 841 3421 lucremur
854 3383 911 3421 non
924 3366 1070 3440 intellego.
1082 3400 1116 3408 —

106 3443 157 3491 625
175 3444 207 3491 ut
224 3437 321 3507 qulbus
338 3436 369 3489 ((1
387 3436 449 3490 edd.
469 3436 534 3491 inde
549 3453 566 3491 a
579 3437 675 3492 Lamb.
694 3440 732 3493 c'cl
744 3439 842 3507 661666
855 3445 887 3494 61
900 3436 957 3502 OQ.
972 3436 1065 3493 Giuss.
1081 3471 1115 3480 -

106 3514 157 3561 663
173 3525 212 3575 sq.
232 3507 339 3578 666616
361 3524 413 3575 666
430 3509 659 3578 16166166666661
674 3511 807 3577 permissa
825 3526 925 3563 666661
943 3510 986 3563 616
991 3551 1000 3577 ,
1022 3511 1119 3564 16611

105 3581 166 3648 (pro
180 3581 265 3649 (16611)
284 3577 428 3648 ingeniose
445 3577 595 3633 Nencinus.
616 3611 649 3619 -
668 3598 691 3633 6.
708 3585 759 3633 672
779 3580 871 3652 (Lm),
891 3579 940 3648 qui
959 3597 975 3632 a
995 3599 1019 3634 v.
1034 3581 1048 3634 I
1063 3587 1117 3635 423
