2438 3998
468 211 754 268 Puonuuonnun.
1026 212 1116 267 XXIX

102 376 192 418 versu
218 354 304 419 1053
327 356 478 418 transilies
501 359 537 419 ad
555 378 673 420 versum
694 356 778 421 1078
799 367 829 420 et
847 379 864 420 a
885 379 910 420 v.
930 356 1016 422 1085
1035 360 1071 420 ad
1089 379 1115 420 v.

102 441 201 526 1089,
224 448 334 506 iustam
356 445 480 507 habebis
503 450 717 508 sententiarum
740 449 1000 509 continuationem.
1042 447 1116 508 haec

100 540 175 614 puto
203 535 334 612 primum
356 535 467 613 scripta
490 552 556 596 esse
580 554 597 595 a
619 543 719 617 poeta,
747 535 855 596 deinde
879 539 907 597 ei
930 538 1026 596 visum
1049 553 1115 595 esse

100 620 241 702 plmibus
269 639 303 681 ea
329 623 484 703 persequi,
512 641 586 702 quae
613 620 859 686 versibus1078
884 642 947 703 sqq.
993 623 1115 683 dixerat.

101 712 204 789 itaque
235 710 364 790 scripsit,
394 712 426 770 ni
452 709 550 792 fallor,
576 707 873 792 111054-1011,
899 711 1115 791 pulcherrimos

102 796 172 858 illos
195 797 326 878 quidem,
350 797 403 857 sed
427 799 479 877 qui
501 817 598 878 neque
620 798 680 860 illis
704 806 771 859 octo
791 799 928 859 versibus
947 807 1013 879 apte
1030 817 1116 878 prae·

101 888 261 946 mittantur
279 903 375 963 neque
395 903 498 947 eorum
517 885 581 947 loco
600 889 631 947 in
650 904 770 947 carmen
788 889 882 947 inseri
898 890 1023 969 possint,
1047 905 1114 948 cum

102 973 150 1055 id,
179 973 257 1052 quod
280 992 305 1033 v.
323 969 406 1035 1081
419 991 482 1053 sqq.
511 975 632 1055 dicitur,
664 982 781 1054 poetam
809 974 993 1036 abiecturum
1023 975 1115 1035 luisse

102 1061 248 1122 credibile
271 1079 331 1122 non
355 1063 402 1121 sit.
448 1061 520 1141 quid
542 1080 612 1123 vero
634 1062 771 1123 versibus
796 1059 882 1125 1086
893 1081 956 1142 sqq.
980 1064 1039 1143 liet,
1063 1064 1116 1142 qui

102 1168 203 1229 neque
231 1168 284 1210 suo
312 1149 377 1211 loco
404 1149 477 1210 ferri
503 1168 600 1229 neque
624 1153 655 1211 in
678 1150 769 1211 alium
791 1151 948 1212 transferri
969 1148 1116 1230 possunt?

102 1255 204 1298 nonne
228 1245 349 1316 apparet
371 1237 445 1298 haec
467 1244 549 1298 recte
573 1257 605 1298 se
627 1238 781 1320 habuisse,
809 1241 836 1300 si
858 1239 916 1300 tale
940 1239 1011 1319 quid
1034 1246 1115 1300 ante-

103 1325 294 1386 cedebat...
311 1322 564 1388 eroatlneertt'
581 1323 725 1389 11111111
743 1320 1117 1412 temporaneumque

102 1415 173 1475 tolo.
203 1431 274 1492 ergo
293 1413 343 1474 hic
360 1413 504 1475 habemus
523 1414 582 1475 loci
599 1415 760 1496 relliquias,
780 1418 840 1497 qui,
857 1424 1015 1496 postquam
1028 1424 1116 1496 poeta

101 1501 241 1562 versibus
266 1497 352 1563 1052
362 1520 405 1581 sq.
429 1509 459 1562 et
484 1499 568 1564 1079
579 1521 643 1582 sqq.
675 1503 712 1565 de
740 1504 842 1564 eadem
871 1523 904 1565 re
927 1505 993 1565 aliis
1017 1503 1115 1564 verbis

102 1592 238 1671 scripsit,
262 1592 294 1650 in
317 1592 448 1651 carmine
471 1593 595 1651 retineri
617 1609 677 1651 non
700 1591 809 1651 debuit.

194 1677 270 1739 Sunt
283 1696 353 1738 vero
367 1680 457 1738 etiam
471 1678 537 1759 loci,
555 1697 638 1759 quos,
656 1697 724 1738 cum
738 1680 1008 1757 argumentationes
1023 1681 1115 1738 conti·

102 1772 194 1826 neant
211 1783 272 1827 non
291 1768 380 1826 etiam
399 1766 456 1826 alio
479 1766 543 1826 loco
563 1773 762 1847 occurrentes,
779 1773 878 1826 tamen
897 1765 1012 1826 secludi
1029 1783 1115 1845 opor-

103 1860 175 1934 teat,
194 1872 262 1914 eum
280 1872 340 1914 non
358 1854 494 1936 habeant,
510 1854 562 1915 ubi
581 1862 647 1933 apte
667 1854 856 1935 collocentur,
876 1856 986 1933 quippe
1005 1856 1065 1934 qui,
1083 1861 1117 1915 ut

103 1944 145 2002 ait
159 1940 374 2023 Lachmannus,
388 1945 515 2003 seorsim
530 1961 547 2003 a
565 1945 706 2003 carminis
721 1944 914 2003 continuitate
930 1944 1034 2021 scripti
1048 1944 1115 2002 sint.

103 2029 193 2090 docet
219 2029 276 2090 hoe
303 2031 340 2090 de
367 2030 503 2090 versibus
531 2030 549 2090 l.
576 2029 603 2090 ll
630 2028 829 2113 522-528,
856 2031 896 2090 lll
923 2026 1116 2110 350—395,

102 2117 128 2175 V
159 2114 384 2179 1092—1147
415 2111 654 2200 (1105-1160
682 2111 773 2201 Lm),
800 2126 830 2180 et
857 2119 893 2179 de
921 2118 968 2179 his
997 2118 1116 2198 quidem

102 2204 189 2286 falso,
206 2212 239 2265 ut
252 2207 328 2266 inira
343 2206 558 2269 demonstrabo.
590 2227 627 2268 ne
641 2209 678 2270 de
688 2209 706 2270 1
717 2208 796 2269 llrv.
807 2205 982 2271 tor-183
996 2206 1117 2286 quidem

105 2295 134 2354 ei
154 2295 294 2353 assentiri
312 2310 444 2374 possum,
461 2311 529 2352 nam
552 2295 617 2371 ipse
635 2300 722 2372 poeta
745 2293 832 2352 docet
855 2294 899 2352 eis
917 2289 1017 2351 verbis
1041 2308 1116 2369 quae

103 2380 321 2442 dubitationem
346 2379 458 2440 nullam
486 2381 654 2461 admittant,
681 2399 713 2441 11
735 2380 812 2440 hanc
835 2379 1049 2457 digressionem
1072 2380 1116 2438 eis

103 2487 182 2549 quae
214 2468 252 2529 de
285 2469 414 2529 motibus
447 2469 578 2547 disputet
605 2470 833 2547 interposuisse:
868 2467 946 2526 redit
973 2466 1053 2526 enim
1081 2465 1116 2525 ad

102 2558 293 2637 propositum
315 2557 363 2616 his
381 2556 494 2617 verbis:
516 2573 606 2632 nouo,
624 2553 661 2619 id
676 2553 758 2634 quod
772 2556 915 2634 superest,
933 2552 970 2616 de
987 2551 1118 2616 metabus

103 2642 307 2724 capediemus.
340 2662 400 2704 non
417 2646 517 2706 minus
534 2646 663 2724 mireris,
678 2644 756 2722 quod
771 2642 976 2704 Lachmannus
995 2641 1013 2702 l.
1032 2642 1056 2701 V
1073 2661 1117 2702 vv.

107 2729 285 2795 110-236
317 2732 485 2812 secluserit,
512 2750 580 2792 cum
606 2739 693 2811 poeta
720 2731 869 2810 praelatus
897 2733 936 2789 sit
964 2748 1009 2811 se,
1037 2738 1117 2791 ante·

104 2839 195 2900 quam
223 2820 260 2880 de
289 2819 389 2881 lutuno
416 2820 519 2880 mundi
545 2822 668 2880 interitu
692 2820 824 2900 doceret,
848 2819 1118 2879 demonstraturum

104 2927 172 2970 esse
203 2926 264 2969 non
295 2925 361 2968 1111
388 2909 513 2987 impium
541 2907 611 2968 talia
638 2907 769 2968 eredere.
820 2916 901 2967 recte
930 2923 999 2966 vero
1026 2905 1117 2966 Lach-

103 3015 233 3058 mannus
257 2995 379 3056 seclusit
397 2995 415 3054 1.
436 2994 473 3054 lV
492 2991 666 3058 soa-838
691 2989 881 3077 (822-857
901 2987 978 3076 Lm.)
1002 3001 1032 3054 et
1054 2993 1072 3053 l.
1096 2993 1119 3052 V

106 3081 326 3148 1078-1091
353 3075 692 3166 (1091—1104Lm.).
730 3082 777 3142 his
801 3083 874 3143 loeis
893 3083 1017 3142 fortasse
1036 3089 1118 3160 pote·

104 3191 170 3235 ram
193 3173 311 3252 addere,
334 3171 371 3231 de
394 3170 502 3250 quibus
526 3166 1119 3251 supradisputavi,vv.111463-471.

103 3269 259 3341 praeterea
292 3259 427 3320 nonnulli
458 3265 527 3320 sunt
553 3259 624 3340 loci,
653 3277 727 3337 quos
755 3265 805 3319 aut
831 3260 946 3338 primus
974 3266 1025 3320 aut
1051 3277 1119 3320 cum

103 3352 212 3428 primis
236 3348 361 3410 seclusi:
385 3347 463 3426 quod
487 3347 595 3426 quibus
618 3346 783 3407 rationibus
806 3346 913 3408 ductus
940 3349 972 3408 in
996 3346 1119 3426 singulis

103 3438 242 3519 fecerim,
271 3439 303 3497 in
331 3435 424 3497 altera
450 3435 539 3496 huius
561 3436 752 3515 praelationis
775 3443 859 3514 parte
883 3434 1003 3495 docebo.
1050 3441 1120 3494 sunt

106 3533 206 3586 autem
237 3525 303 3586 hice
335 3524 392 3585 loci
420 3523 433 3583 l
460 3521 569 3604 6-9,
595 3520 777 3584 130—139
805 3516 1005 3606 (136-145
1032 3515 1120 3605 Lm),
