2438 3998
101 229 164 295 168
182 276 184 280 -
406 258 415 270 ἰ
586 227 611 283 V

189 383 219 437 et
241 374 390 438 sollertius
412 386 459 437 est
479 375 572 437 multo
595 393 688 454 genus
710 393 796 436 omne
819 374 915 456 ririle3

96 471 173 523 1355
190 462 334 542 agricolae
357 464 451 525 donec
472 467 543 524 vitio
566 471 681 525 vertere
704 466 813 544 severi,

101 567 172 618 1345
190 558 224 612 ut
245 551 440 612 muliebribus
462 551 493 611 id
515 550 651 613 manibus
675 552 836 613 concedere
858 549 967 611 vellent

190 646 277 719 atque
299 642 358 718 ipsi
379 642 491 720 pariter
514 641 621 701 durum
644 640 768 700 sufferre
790 638 934 718 laborem,

190 736 276 808 atque
300 746 389 806 opere
412 730 444 788 in
462 727 536 789 duro
555 728 699 789 durarunt
715 727 847 787 membra
864 745 1039 806 manusque
1055 750 1110 791 noo

177 820 179 824 '
233 815 270 876 At
292 818 443 896 specimen
466 818 587 876 sationis
610 823 640 877 et
662 817 811 876 insitionis
834 816 917 894 origo

99 909 177 962 1360
192 906 256 983 ipsa
278 905 334 965 fuit
356 922 456 965 rerum
477 907 606 983 primum
628 910 733 964 natura
756 905 896 983 creatrix,

103 1007 172 1058 1350
191 991 346 1052 arboribus
369 993 508 1072 quoniam
529 992 618 1052 bacae
641 991 820 1070 glandesque
842 991 968 1053 caducae

190 1082 363 1158 tempestiua
386 1079 494 1141 dabant
515 1079 662 1159 pullorum
684 1081 817 1140 examina
841 1086 956 1159 supter3

190 1168 277 1228 unde·
291 1171 379 1229 etiam
401 1167 546 1228 libitumst
568 1169 670 1247 stirpis
693 1170 876 1229 committere
899 1168 990 1234 ramis
1055 1172 1108 1230 rese

190 1262 221 1316 et
242 1274 316 1316 nova
339 1254 477 1316 defodere
500 1258 663 1316 interram
685 1255 810 1334 virgulta
832 1273 887 1334 per
909 1272 1004 1333 agros.

101 1350 175 1403 1365
191 1343 261 1404 inde
283 1342 369 1403 aliam
391 1351 478 1421 atque
502 1343 588 1403 aliam
610 1343 755 1405 culturam
778 1342 871 1404 dulcis
894 1341 981 1421 agelli

103 1448 172 1499 1365
190 1429 372 1510 temptabant
394 1431 565 1510 fructusque
587 1431 667 1491 feros
689 1449 894 1497 mansuescere
917 1438 1028 1490 terram

191 1519 350 1580 cernebant
372 1518 550 1598 indulgendo
572 1518 736 1599 blandeque
761 1519 891 1581 colendo.

190 1610 280 1686 inque
303 1607 367 1668 dies
390 1609 483 1685 magis
505 1609 537 1667 in
559 1614 689 1668 montem
711 1606 870 1668 succedere
892 1604 980 1667 silvas
1054 1629 1109 1670 roro

191 1694 334 1774 cogebant
355 1696 488 1775 infraque
511 1695 608 1756 locum
631 1696 792 1756 concedere
815 1694 915 1773 crdtis,
987 1732 990 1736 >

103 1792 177 1843 1370
192 1791 275 1864 prata
298 1783 379 1845 lacus
401 1785 480 1843 rivos
503 1791 618 1862 segetes
640 1786 794 1863 vinetaque
817 1782 893 1842 laeta

103 1890 173 1940 1360
192 1871 316 1932 collibus
339 1879 369 1933 et
391 1873 502 1950 campis
523 1880 557 1932 ut
578 1871 732 1952 haberent,
755 1879 841 1950 atque
864 1869 996 1930 olearum

192 1960 308 2021 caerula
331 1960 514 2038 distinguens
537 1961 616 2020 inter
637 1959 721 2038 plaga
743 1977 863 2019 currere
885 1966 988 2037 posset

190 2066 245 2128 per
266 2047 395 2108 tumulos
418 2054 448 2108 et
470 2047 609 2108 convallis
631 2065 807 2125 camposque
829 2047 962 2127 profusa3

191 2144 225 2196 ut
246 2154 325 2196 nnnc
348 2153 413 2195 esse
436 2134 518 2195 rides
540 2137 620 2196 vario
643 2134 781 2195 distincta
803 2134 903 2214 lepore

101 2231 177 2283 1375
193 2225 303 2304 omnia,
326 2241 400 2301 quae
423 2225 520 2303 pomis
541 2225 677 2283 intersita
699 2222 834 2284 dulcibus
858 2228 964 2283 ornant

104 2326 174 2379 1365
193 2311 379 2391 arbustisque
402 2317 504 2372 tenent
525 2309 660 2371 felicibus
683 2313 776 2390 opsita
800 2313 921 2371 circum

235 2400 272 2460 At
294 2398 420 2478 liquidas
443 2401 539 2459 avium
562 2416 649 2458 voces
671 2400 814 2459 imitarier
837 2417 887 2459 ore

192 2496 259 2549 ante
282 2488 339 2548 fuit
360 2485 452 2547 multo
475 2504 562 2564 quam
585 2485 659 2546 levia
682 2489 811 2547 carmina
833 2493 921 2547 cantu

193 2575 398 2636 concelebrare
420 2574 556 2634 homines
577 2580 700 2652 possent
721 2577 860 2655 aurisque
882 2577 992 2635 iurare.

102 2671 178 2723 1380
192 2671 222 2726 et
243 2663 375 2743 zephyri,
398 2680 466 2722 cara
488 2680 542 2741 per
565 2661 756 2742 calamorum,
778 2661 863 2723 sibila
886 2664 1015 2741 primum

104 2768 174 2818 1370
192 2753 316 2830 agrestis
339 2750 466 2810 docuere
489 2767 574 2810 cavas
595 2749 697 2810 inflare
721 2752 841 2811 cicutas.

192 2840 261 2900 inde
283 2840 450 2899 minutatim
473 2836 567 2898 dulcis
591 2836 721 2898 didicere
745 2837 902 2918 querellas,

192 2925 264 2987 tibia
288 2944 361 3005 quas
384 2924 481 2985 fundit
503 2924 604 3004 digitis
626 2925 740 3004 pulsata
763 2933 931 3005 canentum,

192 3017 255 3074 aria
277 3033 332 3092 per
353 3031 474 3074 nemora
496 3031 530 3072 ao
554 3012 641 3074 silvas
665 3013 813 3093 saltusque
837 3020 982 3094 repertas,

103 3110 176 3164 1385
191 3121 246 3183 per
267 3101 331 3162 loca
353 3108 504 3180 pastorum
527 3101 644 3163 deserta
667 3109 753 3181 atque
777 3105 835 3162 otia
858 3102 914 3162 dia.

105 3207 174 3257 1375
192 3190 265 3250 haec
287 3192 401 3250 animos
424 3188 490 3249 ollis
514 3189 681 3251 mulcebant
703 3197 790 3269 atque
813 3189 951 3251 iurabant

193 3296 260 3338 cnm
283 3279 385 3338 satiate
409 3276 481 3337 cibi:
504 3296 572 3338 nam
593 3285 658 3339 tum
680 3285 749 3339 snnt
771 3280 900 3340 carmina
922 3279 1014 3340 cordi.

102 3373 178 3427 1390
192 3384 279 3444 saepe
302 3367 400 3445 itaque
424 3367 503 3427 inter
525 3385 558 3427 se
580 3367 721 3445 prostrati
743 3368 774 3425 in
797 3369 928 3445 gramine
950 3365 1034 3428 molli

192 3460 313 3534 propter
336 3473 428 3533 aquae
451 3456 544 3515 rivom
568 3453 623 3515 sub
645 3456 736 3514 ramis
760 3453 874 3515 arboris
897 3454 971 3515 altae

342 3540 456 3625 [1388,
477 3539 575 3620 1389]
591 3568 633 3613 ε·
649 3538 749 3623 1452,
770 3539 863 3605 1453.
