2438 3998
595 228 620 283 V
1045 225 1108 291 153

105 381 160 432 801
175 374 289 436 lincunt
312 383 415 455 sponte
439 394 491 435 sua
514 378 624 436 victum
647 378 794 455 vitamque
816 383 959 456 petentes.

178 471 241 523 tum
263 462 319 523 tibi
341 470 421 523 terra
449 463 530 524 dedit
551 466 681 542 primum
703 464 837 525 mortalia
859 464 962 526 saecla.
1069 484 1108 526 eor

178 551 287 612 multus
310 554 389 611 enim
413 551 493 612 calor
515 559 603 630 atque
626 571 712 612 umor
734 552 891 632 superabat
913 555 944 613 in
968 555 1057 614 arvis:

177 639 233 701 hoc
255 640 307 701 ubi
331 658 463 718 quaeque
487 640 545 701 loci
566 643 648 719 regio
672 648 835 719 opportuna
859 641 993 721 dabatur,

107 744 158 794 ‘195
178 728 351 789 crescebant
373 731 452 788 uteri
474 735 584 789 terram
607 728 756 789 radicibus
779 732 853 810 apti;

106 824 163 874 806
178 835 252 895 quos
274 816 327 877 ubi
349 824 481 895 tempore
504 825 619 877 maturo
641 818 821 897 patefecerat
842 825 922 878 aetas

178 906 336 985 infantum,
358 905 474 983 fugiens
498 923 631 967 umorem
654 924 799 985 aurasque
821 913 988 987 petesseus,
1069 929 1107 970 uo

178 992 366 1054 convertebat
388 992 431 1053 ibi
452 1002 556 1054 natura
579 994 721 1054 foramina
743 1001 840 1054 terrae

177 1089 207 1141 et
230 1099 333 1142 sucum
356 1083 439 1142 venis
462 1080 584 1160 cogebat
602 1082 725 1142 fundere
749 1085 859 1161 apertis

106 1186 159 1234 800
177 1169 361 1230 consimilem
383 1169 481 1250 lactis,
504 1171 581 1230 sicut
603 1188 682 1231 nunc
704 1171 812 1231 femina
835 1188 968 1250 quaeque

106 1265 159 1314 811
178 1277 245 1318 cum
267 1260 397 1338 peperit,
420 1257 500 1318 dulci
522 1257 654 1337 repletur
675 1258 763 1339 lacte,
787 1259 865 1337 quod
888 1261 984 1319 omnis

177 1349 304 1425 impetus
328 1348 359 1406 iu
381 1363 522 1406 mammas
546 1349 728 1408 convertitur
750 1346 800 1407 ille
822 1347 962 1408 alimenti.
1066 1368 1108 1410 us

176 1443 255 1495 terra
278 1433 377 1495 cibum
400 1437 515 1515 pueris,
537 1443 773 1516 vestemvapor,
795 1434 885 1496 herba
908 1435 1005 1496 cubile

176 1521 336 1603 praebebat
358 1522 449 1582 multa
472 1529 502 1583 et
523 1523 605 1583 molli
627 1523 764 1602 lanugine
787 1523 947 1585 abundans.

106 1626 158 1676 805
177 1618 206 1671 at
228 1613 341 1671 novitas
364 1610 467 1671 mundi
489 1629 544 1671 nec
567 1612 676 1690 frigora
700 1613 773 1672 dura
796 1611 891 1672 ciebat

105 1707 230 1760 816nec
252 1701 361 1759 nimios
383 1706 483 1759 aestus
504 1717 560 1760 nec
581 1702 696 1778 magnis
718 1699 830 1760 viribus
848 1719 942 1761 auras.

176 1790 274 1849 omnia
296 1789 376 1848 enim
398 1789 511 1867 pariter
532 1795 671 1848 crescunt
693 1795 723 1848 et
744 1787 851 1858 robora
874 1796 1001 1849 sumunt.
1066 1813 1106 1854 ecc

220 1875 317 1948 Quare
344 1877 433 1936 etiam
459 1881 547 1954 atque
573 1878 661 1937 etiam
683 1883 849 1936 maternum
871 1894 979 1937 nomen
1002 1878 1104 1958 adepta

176 1973 255 2025 terra
278 1970 360 2024 tenet
382 1965 501 2044 merito,
523 1966 662 2043 quoniam
684 1982 778 2043 genus
800 1966 864 2044 ipsa
887 1968 994 2026 creavit

106 2070 158 2119 810
176 2055 336 2114 humanum
359 2059 445 2130 atque
469 2051 576 2113 animal
598 2071 690 2132 prope
714 2059 795 2114 certo
818 2059 950 2132 tempore
973 2054 1049 2114 fudit

106 2149 161 2200 821
178 2159 277 2222 omne,
300 2140 377 2220 quod
402 2142 433 2200 in
457 2142 569 2218 magnis
591 2140 751 2202 bacchatur
773 2140 914 2202 montibu'
936 2144 1059 2223 passim,

177 2233 329 2308 aeriasque
353 2228 441 2288 simul
464 2228 597 2289 volucres
620 2228 792 2290 variantibu'
815 2230 926 2290 formis.
1066 2254 1105 2294 ees

177 2318 229 2378 sed
253 2320 320 2396 quia
343 2318 432 2377 finem
455 2315 582 2396 aliquam
604 2318 739 2397 pariendi
761 2316 849 2378 debet
871 2317 993 2399 babere,

177 2407 303 2486 destitit,
324 2412 358 2465 ut
380 2404 487 2466 mulier
509 2407 603 2485 spatio
627 2405 741 2466 defessa
764 2413 887 2467 vetusto.

105 2513 157 2562 815
177 2501 269 2555 mutat
291 2495 371 2554 enim
393 2493 497 2554 mundi
518 2500 652 2554 naturam
675 2496 765 2555 totius
788 2502 881 2574 aetas,

104 2591 164 2642 826
177 2602 213 2643 er
236 2582 351 2661 alioque
375 2580 449 2642 alius
473 2588 566 2642 status
589 2585 725 2662 excipere
749 2585 845 2643 omnia
869 2581 969 2663 debet,
1066 2606 1105 2646 ceo

177 2690 232 2732 nec
254 2676 353 2731 manet
374 2669 433 2730 ulla
457 2672 504 2730 sui
527 2670 631 2731 similis
654 2689 716 2731 res:
739 2673 836 2731 omnia
859 2673 999 2751 migrant,

177 2762 273 2820 omnia
296 2765 456 2820 commutat
477 2765 581 2819 natura
605 2765 635 2818 et
656 2765 770 2819 vertere
795 2761 881 2837 cogit

176 2866 301 2927 namque
325 2846 404 2907 aliud
426 2849 571 2924 putrescit
593 2854 623 2907 et
645 2864 716 2906 aevo
740 2846 835 2907 debile
858 2846 988 2927 languet,
1088 2893 1089 2897 ,

105 2952 157 3000 sao
176 2954 264 3015 porro
288 2935 367 2997 aliud
392 2934 528 2995 clarescit
550 2942 579 2994 et
600 2952 617 2997 e
639 2934 855 3013 contemptibus
878 2937 946 2996 exit.

104 3032 158 3082 831
174 3027 218 3085 sic
240 3027 330 3103 igitur
352 3024 455 3084 mundi
477 3029 611 3083 naturam
634 3025 725 3084 totius
748 3029 828 3084 aetas

176 3119 282 3193 mutat,
305 3119 334 3172 et
357 3130 393 3172 er
416 3110 473 3171 alio
496 3119 606 3170 terram
630 3117 723 3172 status
746 3113 855 3191 excipit
877 3109 964 3192 alter,
1066 3133 1105 3175 aas

176 3201 253 3280 quod
276 3200 344 3261 tulit
365 3207 399 3261 ut
422 3205 561 3279 nequeat,
583 3201 679 3278 possit
701 3200 779 3278 quod
801 3218 861 3260 uon
883 3199 952 3260 tulit
974 3207 1049 3260 aute.

218 3288 366 3367 Multaque
389 3296 452 3349 tum
475 3286 562 3348 tellus
586 3289 674 3348 etiam
696 3295 833 3368 portenta
856 3306 956 3349 creare

101 3397 153 3444 825
175 3383 307 3438 conatast
329 3377 404 3436 mira
427 3377 501 3436 facie
523 3374 724 3455 membrisque
748 3384 860 3452 coorta,

101 3473 158 3525 836
173 3467 383 3545 androgynum,
390 3466 609 3543 interutrasque
617 3472 788 3545 necutrum,
795 3468 944 3543 utrimque
950 3471 1104 3546 remotum,

173 3553 245 3615 orba
266 3553 375 3632 pedum
397 3555 518 3634 partim,
541 3571 681 3614 manuum
704 3553 820 3614 viduata
843 3555 987 3634 vicissim,
1064 3576 1104 3616 ero
