2438 3998
594 222 634 276 ΙΙΙ
1074 222 1178 287 89·

181 369 257 430 seire
280 368 351 429 lieet
371 368 458 429 nohis
481 368 524 429 nil
547 387 613 429 esso
636 370 668 429 iu
691 370 985 451 necennensium,
1078 390 1118 433 888

109 470 166 523 888
180 475 235 517 888
258 458 401 516 miserum
424 457 490 516 fieri
513 458 647 535 quinon
670 464 716 516 est
738 475 839 539 posse,
861 477 957 537 neque
980 457 1074 518 hilum

109 560 162 611 888
182 545 301 605 differre
324 562 362 604 an
384 543 465 604 nullo
489 545 580 604 luerit
601 547 661 603 iam
685 551 818 624 tempore
841 553 941 626 natus,

180 631 334 692 mortalem
356 633 445 692 vitam
467 649 548 692 mors
571 649 639 692 cum
661 633 825 693 inmortalis
848 633 965 694 ademit.

224 719 351 780 Proinde
369 718 421 780 ubi
436 737 467 779 88
482 720 582 779 videas
595 720 746 780 hominem
760 721 943 799 indignarier
955 724 1064 803 ipsum,
1076 743 1119 785 aro

180 815 248 886 post
270 815 396 867 mortem
419 807 483 867 iore
505 815 540 868 ut
562 813 613 868 aut
634 814 771 886 putescat
792 826 916 887 corpore
939 817 1024 888 posto

109 895 378 962 87988188ωωί8
401 895 531 956 interfiat
553 894 674 955 malisve
697 896 840 976 ferarum,

108 999 161 1047 888
180 985 257 1043 88188
280 983 431 1044 11881888
454 985 604 1043 sincerum
627 1001 746 1064 sonere,
769 991 856 1062 atque
880 984 1003 1045 subesse

181 1089 302 1133 caecum
325 1069 453 1149 aliquem
476 1070 559 1130 cordi
582 1070 747 1151 stimulum,
770 1074 903 1150 quamvis
925 1079 1013 1150 neget
1036 1075 1100 1152 ipse

181 1158 303 1219 credere
318 1176 350 1218 se
365 1176 543 1237 quemquam
557 1158 615 1218 sibi
629 1177 750 1219 sensum
763 1161 795 1218 in
808 1167 904 1220 morte
918 1161 1064 1221 futurum:
1078 1179 1121 1222 crs

180 1264 253 1327 non,
275 1253 308 1307 ut
331 1249 449 1326 opinor,
472 1248 551 1306 enim
575 1246 625 1307 dat
647 1246 725 1325 quod
747 1250 894 1327 promittit
916 1254 946 1309 et
968 1248 1060 1328 unde,

108 1350 164 1400 675
180 1352 236 1394 nec
258 1334 400 1394 radicitus
424 1353 440 1394 e
463 1336 522 1394 vita
545 1352 577 1394 se
599 1333 677 1394 tollit
699 1342 729 1395 et
751 1337 833 1416 eicit,

109 1421 234 1487 8888811
256 1422 327 1482 lacit
350 1439 415 1482 esse
439 1424 488 1482 sui
510 1421 649 1501 quiddam
672 1441 763 1501 super
784 1425 897 1485 inscius
920 1425 993 1503 ipse.

179 1512 263 1570 vivus
287 1511 366 1570 enim
390 1509 449 1569 sibi
470 1527 538 1570 curn
560 1512 699 1589 proponit
721 1512 846 1590 quisque
869 1511 1014 1592 futurum,

180 1615 288 1676 eorpus
310 1599 356 1658 uti
377 1596 512 1658 volucres
534 1597 665 1659 lacerent
686 1600 718 1659 18
740 1606 835 1659 morte
858 1599 1010 1679 feraeque,
1076 1621 1120 1661 seo

180 1687 245 1764 ipse
268 1687 316 1746 sui
337 1687 473 1746 miseret:
495 1703 591 1764 neque
615 1688 695 1746 enim
718 1704 750 1746 se
773 1686 876 1746 dividit
898 1685 973 1745 illim

109 1787 235 1839 880888
257 1780 389 1833 removet
412 1775 483 1834 88118
506 1792 523 1833 8
544 1776 677 1853 proiecto
701 1791 823 1853 corpore
846 1781 877 1834 et
898 1772 982 1834 illum

108 1876 161 1926 888
180 1879 213 1921 88
236 1861 321 1939 fingit
343 1879 491 1940 sensuque
515 1879 569 1921 suo
592 1863 771 1922 contaminat
793 1868 904 1922 astans:

179 1948 249 2008 hinc
271 1948 441 2027 indignatur
463 1967 496 2009 se
518 1949 673 2009 mortalem
696 1967 762 2010 esse
785 1956 929 2031 creatum,

180 2048 236 2097 nec
257 2036 338 2097 videt
359 2039 391 2097 in
413 2054 483 2097 vera
505 2035 619 2097 nullum
641 2038 704 2098 fore
726 2044 822 2098 morte
845 2037 935 2098 alium
957 2056 1003 2120 se,
1076 2059 1116 2102 aas

181 2125 232 2203 qui
254 2127 349 2203 possit
371 2126 454 2184 vivus
478 2123 537 2184 sibi
559 2143 592 2185 sc
614 2124 715 2203 lugere
738 2132 937 2206 peremptum,

47 2257 67 2279 -,
108 2226 167 2278 885
181 2217 322 2291 stansque
344 2212 489 2272 iacentem
510 2228 543 2274 88
564 2211 689 2273 18888881
710 2215 793 2273 urive
816 2213 925 2274 dolere.

109 2317 161 2366 888
180 2317 249 2359 narn
271 2302 299 2360 si
321 2301 353 2359 18
374 2306 470 2360 morte
493 2299 632 2360 malumst
653 2300 739 2361 malis
761 2318 921 2381 morsuque
944 2302 1074 2363 ferarum

179 2389 314 2469 tractari,
335 2405 396 2447 non
418 2389 536 2448 invenio
560 2390 611 2466 qui
633 2407 692 2449 nun
715 2391 755 2448 sit
777 2389 916 2450 acerbum

179 2474 298 2553 ignibus
321 2476 483 2553 inpositum
505 2475 608 2536 calidis
630 2483 799 2536 torrescere
818 2477 957 2557 flammis,
1076 2501 1118 2541 eso

180 2565 284 2623 autin
306 2563 393 2623 melle
417 2565 507 2624 situm
529 2564 680 2644 suffocari,
706 2571 793 2642 atque
816 2566 914 2642 rigere

108 2667 165 2717 890
179 2651 302 2730 lrigore,
326 2668 393 2711 eum
416 2668 531 2711 summo
555 2651 645 2730 gelidi
667 2651 755 2712 cubat
777 2670 904 2731 aequore
929 2655 1004 2733 saxi,

107 2754 161 2804 890
179 2740 315 2817 urgerive
338 2756 466 2818 superne
490 2738 631 2800 obtritum
653 2740 784 2818 pondere
806 2745 912 2800 terrae.

223 2820 295 2886 ‘lam
318 2828 377 2886 iam
399 2844 459 2887 non
481 2826 586 2887 domus
609 2828 735 2906 accipiet
757 2833 786 2887 te
808 2827 898 2909 laeta,
921 2846 1018 2908 neque
1041 2847 1117 2890 uxor

180 2915 289 2992 optima
312 2932 368 2974 nec
390 2913 492 2974 dulces
515 2922 673 2975 occurrent
695 2914 795 2976 oscula
818 2917 880 2976 nati
1076 2939 1117 2982 ass

178 3004 349 3082 praeripere
372 3010 403 3063 et
424 3004 513 3062 tacita
535 3008 639 3080 pectus
663 3002 818 3063 dulcedine
841 3009 969 3082 tangent.

107 3103 164 3156 896
177 3106 237 3149 non
259 3091 372 3169 poteris
395 3091 479 3151 laetis
501 3089 676 3151 florentibus
700 3108 766 3151 esse
788 3093 907 3170 tuisque

107 3193 160 3242 898
177 3177 368 3256 praesidium.
403 3180 514 3238 misero
537 3172 659 3239 misere'
681 3180 764 3239 aiunt
787 3174 896 3239 ‘omnia
919 3179 1028 3240 ademit

178 3283 237 3326 una
260 3265 324 3325 dies
346 3265 454 3326 infesta
476 3264 598 3327 tibitot
619 3269 750 3345 praemia
772 3262 869 3328 vitae'

177 3351 250 3412 illud
273 3355 305 3413 in
327 3353 375 3413 his
397 3352 487 3414 rebus
509 3371 570 3413 non
592 3353 716 3435 addunt,
740 3350 885 3416 ε88811181
907 3372 1010 3415 earum
1076 3377 1117 3418 eoo

177 3442 237 3501 iam
259 3439 439 3501 desiderium
462 3459 564 3502 rerum
587 3459 677 3522 super
699 3436 912 3504 1881881888]

104 3544 161 3595 900
177 3528 256 3606 quod
278 3526 353 3589 bene
377 3531 404 3588 si
426 3528 544 3590 videant
567 3532 664 3590 animo
687 3529 834 3609 dictisque
858 3537 1032 3611 sequantur,
1115 3572 1118 3577 ,
