2438 3998
152 226 196 291 54
640 222 667 303 Il

154 389 204 439 705
267 373 342 432 'lum
364 388 454 450 porro
477 388 552 450 quae
575 369 658 430 ducit
681 377 711 431 et
734 371 830 431 inlicit
851 377 886 431 ut
907 370 1073 431 tribuamus

223 461 380 540 principiis
402 477 503 519 rerum
525 476 749 538 nonnumquam
771 477 860 520 causa
883 458 1011 539 colores,

153 565 209 616 790
223 547 343 628 occidit,
366 565 403 607 ex
425 547 500 607 albis
523 549 663 626 quoniam
686 565 745 608 non
763 547 829 607 alba
852 554 1004 628 creantur,

223 654 280 696 nec
304 654 378 715 quae
401 637 486 714 nigra
509 635 609 696 cluent
631 637 668 696 de
690 638 797 716 nigris,
821 635 874 695 sed
897 638 986 696 variis
1010 653 1055 696 ex.

224 726 333 803 quippe
356 726 466 785 etenim
489 723 581 785 multo
605 723 766 803 proclivius
788 725 961 784 exorientur

154 828 206 879 790
224 811 349 873 candida
371 811 408 872 de
430 811 512 872 nullo
536 830 624 891 quam
646 814 731 890 nigro
754 818 822 872 nata
845 811 957 892 colore,

154 900 351 968 7010010110
376 902 492 980 quovis,
516 903 568 979 qui
590 908 693 961 contra
714 906 826 979 pugnet
848 907 878 960 et
901 899 1007 961 obstet.

153 1004 208 1055 817
221 996 375 1068 praeterea
398 989 536 1067 quoniam
558 1006 620 1048 non
642 990 732 1048 certis
756 996 836 1048 certa
859 988 963 1066 figuuis

224 1084 270 1137 est
292 1083 397 1137 natura
419 1075 527 1137 coloris
550 1082 581 1137 et
602 1079 701 1136 omnia
722 1078 939 1155 principiorum

224 1164 417 1225 formamenta
441 1171 553 1244 queunt
575 1166 607 1224 in
630 1166 734 1243 quovis
757 1182 824 1225 esse
846 1166 957 1245 nitore,

154 1269 206 1320 tto
224 1271 278 1313 cur
301 1271 335 1313 ea
358 1270 433 1331 quae
456 1258 650 1313 constanter
674 1252 733 1312 illis
756 1270 815 1312 non
838 1255 952 1331 pariter
975 1261 1044 1313 sunt
1122 1268 1164 1308 ⁸20

153 1357 209 1410 881
225 1358 312 1400 omne
335 1358 429 1418 genus
451 1341 571 1418 perfusa
595 1339 744 1401 coloribus
766 1343 799 1401 in
821 1358 929 1419 genere
953 1338 1056 1402 omni?

224 1427 416 1488 conveniebat
438 1429 517 1488 enim
540 1427 645 1488 corvos
667 1446 784 1507 quoque
808 1446 896 1507 saepe
919 1427 1044 1490 volantis

224 1534 261 1576 ex
284 1514 358 1576 albis
381 1515 480 1576 album
502 1518 603 1595 pinnis
625 1518 735 1577 iactare
759 1516 906 1598 colorem,

225 1612 255 1665 et
276 1607 378 1683 nigros
401 1605 467 1665 fieri
490 1606 575 1682 nigro
598 1603 635 1664 de
658 1607 771 1666 semine
795 1622 902 1684 cycnos

154 1707 206 1757 800
225 1699 275 1753 aut
298 1692 354 1753 alio
378 1695 481 1771 quovis
505 1711 564 1753 uno
587 1695 726 1771 varioque
750 1693 857 1753 colore.

154 1797 209 1848 795
270 1780 425 1841 Praeterea
449 1783 588 1860 quoniam
611 1787 763 1859 nequeunt
785 1783 849 1841 siue
872 1781 938 1841 luce
962 1780 1076 1842 colores

224 1886 304 1948 esse,
327 1886 424 1947 neque
447 1871 478 1929 in
501 1868 597 1930 lucem
621 1871 753 1930 existunt
774 1869 937 1948 primordia
959 1886 1074 1950 rerum,

225 1959 302 2016 scire
325 1955 394 2016 licet
417 1974 505 2035 quam
528 1959 587 2016 sint
610 1956 690 2017 nullo
713 1956 807 2017 velata
830 1956 942 2017 colore:

224 2043 320 2122 qualis
343 2045 423 2103 enim
445 2045 541 2104 caecis
563 2047 674 2123 poterit
695 2044 777 2104 color
800 2062 865 2105 esse
888 2042 1042 2107 tenebris?

154 2148 206 2198 800
225 2131 336 2191 lumine
361 2133 433 2209 quin
455 2134 520 2210 ipso
544 2139 674 2193 mutatur
696 2139 854 2211 propterea
876 2132 955 2212 quod

153 2235 211 2286 800
224 2225 305 2280 recta
328 2226 377 2279 aut
400 2218 519 2298 obliqua
541 2238 701 2299 percussus
724 2219 789 2281 luce
812 2220 951 2300 refulget3

224 2307 323 2387 pluma
346 2306 547 2368 columbarum
570 2326 629 2387 quo
652 2316 737 2387 pacto
760 2308 877 2370 insola
900 2309 1029 2389 videtur,

219 2406 299 2474 'quae
324 2396 379 2455 sita
403 2397 577 2456 cervicemst
599 2398 712 2456 circum
735 2395 901 2475 collumque
924 2406 1058 2458 coronat:

223 2501 350 2562 namque
374 2482 446 2544 alias
469 2484 502 2543 fit
525 2486 569 2545 uti
591 2483 669 2544 claro
694 2486 733 2544 sit
754 2483 845 2544 rubra
867 2502 993 2566 pyropo,

153 2589 205 2638 810
224 2571 373 2632 interdum
395 2571 522 2650 quodam
544 2567 663 2651 †sensu
685 2572 719 2632 fit
740 2574 785 2632 uti
807 2571 942 2633 videatur

152 2663 302 2728 00510101
324 2659 468 2721 curalium
490 2659 594 2719 viridis
616 2661 743 2721 miscere
768 2661 948 2738 zmaragdos.

224 2748 374 2826 caudaque
397 2749 534 2829 pavonis,
556 2746 636 2826 larga
659 2766 726 2808 cum
749 2747 815 2809 luce
837 2748 992 2831 repletast,

223 2835 371 2897 consimili
393 2843 488 2897 mutat
510 2838 623 2897 ratione
647 2835 771 2897 obversa
793 2835 921 2918 colorea3

224 2927 275 3003 qui
298 2926 437 3003 quoniam
461 2923 587 3002 quodam
610 2926 770 3003 gignuntur
792 2923 913 2984 luminis
936 2926 1010 3006 ictu,

153 3028 204 3078 818
224 3014 300 3072 scire
323 3010 406 3091 licet,
430 3013 493 3071 sine
517 3029 552 3071 οο
575 3012 641 3071 fieri
663 3030 722 3073 non
744 3029 832 3091 posse
854 3012 1054 3091 putandumst

153 3116 208 3166 810
223 3107 252 3160 et
274 3101 414 3176 quoniam
436 3098 539 3177 plagae
561 3099 709 3178 quoddam
732 3117 826 3178 genus
850 3102 960 3178 excipit
981 3103 1013 3161 in
1036 3119 1068 3161 se
1122 3115 1164 3154 810

222 3185 346 3266 pupula,
369 3204 438 3246 cum
459 3188 570 3247 sentire
594 3185 724 3247 colorem
746 3187 856 3248 dicitnr
877 3187 991 3269 album,

223 3281 311 3352 atque
333 3273 412 3333 aliud
435 3292 538 3356 porro,
561 3276 679 3352 nigrum
701 3293 770 3336 cum
791 3283 823 3337 ct
845 3284 944 3337 cetera
966 3279 1070 3356 sentit,

223 3379 280 3420 nec
301 3361 394 3422 refert
417 3379 451 3422 ea
475 3380 549 3441 quae
572 3369 674 3441 tangas
698 3381 756 3442 quo
779 3363 856 3424 forte
879 3363 977 3425 colore

153 3466 206 3515 880
223 3448 356 3529 praedita
380 3451 453 3530 sint,
476 3467 579 3510 rerum
603 3450 682 3529 quali
704 3453 798 3530 magis
821 3460 889 3532 apta
912 3453 1018 3533 figura,

152 3540 302 3606 &tostire
326 3537 395 3599 licet
418 3537 460 3598 nil
483 3539 639 3617 principiis
663 3557 737 3618 opus
759 3557 826 3600 esse
849 3539 977 3623 coloreo,
1125 3553 1166 3595 ars
