2438 3998
605 180 619 232 1
1075 185 1118 254 29

198 329 260 387 sive
283 326 356 386 adeo
379 328 479 405 potius
501 344 663 406 numquam
686 334 824 389 concreta
847 335 979 389 creasset

110 422 184 475 1020
195 413 285 475 ullam
309 433 385 496 rem,
408 416 548 492 quoniam
571 416 637 493 cogi
660 414 783 476 disiecta
805 419 966 495 nequisset.
1065 431 1121 472 roso

109 510 266 563 rotonam
289 509 370 563 certe
392 520 489 581 neque
512 503 636 563 consitio
658 503 822 582 primordia
843 522 945 565 rerum

198 591 302 651 ordine
325 608 358 651 se
381 608 435 651 suo
459 608 593 669 quaeque
617 593 716 668 sagaci
737 599 836 652 mente
859 591 995 653 locarunt

198 697 254 739 neo
277 696 351 758 quos
374 696 508 757 quaeque
531 678 636 738 darent
658 685 756 739 motus
778 681 918 758 pepigere
941 681 1088 761 proiecto,

199 767 252 828 sed
275 769 344 845 quia
365 766 457 827 multa
480 767 576 826 modis
599 765 701 826 multis
723 773 834 826 mutata
856 785 911 847 pcr
934 787 1021 829 omne

111 861 183 914 1025
197 873 234 916 er
256 855 372 914 infinito
394 860 539 915 vexantur
561 856 675 933 percita
696 852 803 935 plagis,
1067 868 1120 910 roas

111 950 286 1005 1010011100
309 960 403 1021 genus
425 949 524 1003 motus
547 948 578 1002 et
600 947 702 1002 coctus
725 943 907 1020 experiundo
948 998 951 1003 .

199 1031 318 1092 taudem
341 1030 502 1091 deveniunt
523 1031 555 1089 in
577 1028 645 1089 talis
668 1028 877 1112 disposituras,

200 1118 336 1198 qualibus
359 1117 432 1178 hacc
454 1135 556 1178 rerum
578 1118 715 1177 consistit
737 1134 851 1178 summa
873 1126 984 1200 creata,

200 1214 231 1268 et
251 1205 362 1267 multos
385 1207 472 1266 etiam
496 1222 618 1283 magnos
641 1212 756 1265 servata
777 1224 832 1285 per
854 1224 947 1267 annos

114 1302 185 1354 1030
198 1302 232 1356 ut
254 1293 348 1355 semel
369 1295 401 1354 in
423 1300 521 1354 motus
544 1295 706 1353 coniectast
728 1297 943 1376 convenientis,
1068 1308 1122 1349 roso

112 1390 182 1440 1000
201 1384 293 1444 efficit
314 1389 348 1442 ut
369 1380 459 1459 largis
483 1380 601 1441 avidum
622 1399 704 1440 mare
727 1380 858 1442 ssuminis
881 1384 970 1444 undis

201 1474 351 1549 integrent
372 1487 474 1530 amnes
493 1475 523 1529 et
546 1468 617 1529 solis
639 1475 720 1531 terra
741 1488 849 1548 vapore

200 1560 260 1619 fota
282 1564 371 1619 novet
393 1557 470 1616 setus
493 1559 709 1636 summissaque
733 1575 805 1635 gens
828 1560 1010 1620 animantum

200 1647 305 1708 floreat
328 1651 358 1706 et
380 1647 478 1705 vivant
499 1644 632 1705 labentes
656 1644 785 1704 aetheris
807 1647 904 1726 ignes3

112 1740 185 1793 1035
199 1734 277 1814 quod
300 1732 382 1794 nullo
404 1733 536 1793 iacerent
557 1739 656 1814 pacto,
678 1733 738 1791 nisi
759 1735 894 1793 materiai
1068 1747 1122 1789 roso

115 1829 183 1880 1000
201 1841 238 1882 ex
261 1822 377 1881 infinito
401 1819 531 1881 suboriri
554 1823 638 1899 copia
659 1826 774 1900 posset,

201 1910 279 1970 uude
304 1911 412 1969 amissa
435 1907 531 1968 solent
552 1925 692 1987 reparare
714 1909 746 1966 in
768 1915 901 1986 tempore
925 1927 1068 1989 quaeque.

201 2016 270 2059 nam
291 1997 384 2058 veluti
406 1999 519 2075 privata
542 1995 608 2056 cibo
631 2003 736 2056 natura
759 1997 941 2056 animantum

202 2085 311 2146 diffluit
333 2086 471 2145 amittens
493 2102 615 2164 corpus,
638 2085 682 2144 sic
705 2085 802 2143 omnia
825 2082 934 2144 debent

114 2181 188 2235 1040
201 2173 326 2234 dissolui
348 2172 494 2234 simulac
516 2172 625 2233 deiecit
647 2172 836 2251 suppeditare
1069 2187 1122 2227 roeo

115 2269 182 2320 1005
201 2263 341 2323 materies
365 2261 463 2341 aliqua
485 2262 599 2320 ratione
622 2277 724 2320 aversa
746 2261 812 2320 viai.

202 2369 257 2412 nec
279 2349 382 2430 plegae
404 2354 530 2428 possunt
552 2350 737 2409 extrinsecus
760 2347 891 2426 undique
914 2365 1060 2409 summam

203 2455 378 2500 conservare
401 2454 531 2517 omnem,
554 2453 756 2515 quaecumque
780 2442 826 2496 est
848 2435 1015 2497 conciliata:

203 2527 312 2588 cudere
335 2526 415 2586 euim
438 2524 543 2585 crebro
566 2530 693 2602 possunt
713 2529 887 2603 partemque
910 2526 1033 2605 morari,

113 2615 273 2675 10450010
294 2615 414 2674 veniant
436 2611 510 2674 aliae
532 2631 567 2673 ac
590 2610 723 2692 suppleri
746 2629 860 2672 summa
883 2618 1022 2694 queatur;
1069 2625 1121 2667 roas

114 2709 184 2760 1040
203 2702 352 2764 interdum
374 2700 491 2762 resilire
513 2707 614 2761 tamon
635 2705 781 2778 coguntur
804 2705 834 2759 et
854 2716 914 2759 una

202 2791 357 2871 principiis
380 2806 481 2850 rerum
505 2791 632 2868 spatium
654 2794 831 2866 tempusque
854 2787 934 2865 fugai

202 2879 317 2959 largiri,
339 2884 373 2938 ut
394 2878 512 2956 possint
533 2895 549 2937 a
572 2883 659 2937 coetu
681 2875 774 2935 libera
797 2875 878 2935 terri.

203 2985 293 3047 quare
317 2967 406 3027 etiam
428 2971 517 3043 atquc
539 2967 628 3026 etiam
651 2962 782 3024 suboriri
804 2961 894 3023 multa
919 2968 1080 3024 necessest.

112 3062 186 3114 1050
200 3063 230 3117 et
247 3062 346 3116 tamen
362 3060 396 3114 ut
410 3052 512 3132 plagae
527 3071 643 3132 quoque
657 3053 774 3132 possint
787 3058 945 3130 suppetere
960 3053 1051 3134 ipsae,
1071 3065 1124 3106 roso

113 3149 182 3199 1045
201 3145 316 3204 infinita
339 3160 413 3222 opus
436 3147 483 3201 est
504 3142 549 3200 vis
571 3140 703 3219 undique
726 3140 869 3201 materiai.

244 3230 374 3295 lituum
396 3229 444 3290 his
467 3227 557 3289 rebus
579 3228 666 3307 longe
689 3227 758 3306 iuge
781 3227 918 3308 credere,
940 3226 1074 3310 Memmi,

200 3321 233 3380 in
254 3319 386 3380 medium
409 3334 542 3380 summae
565 3317 644 3396 quod
668 3317 771 3377 dicunt
793 3317 892 3376 omnia
914 3318 984 3397 uiti,

200 3414 288 3486 atquo
310 3407 378 3468 idco
401 3405 505 3467 mundi
527 3413 662 3467 naturam
685 3411 763 3466 stare
787 3405 852 3465 sine
875 3402 945 3464 01110

113 3495 188 3550 1055
203 3492 312 3554 ictibus
335 3494 467 3555 externis
488 3510 586 3571 neque
610 3510 757 3572 quoquam
779 3508 868 3570 posse
891 3488 1001 3550 resolvi
1069 3500 1123 3543 1⁰⁶⁶
