2438 3998
569 226 609 280 m
1012 192 1015 197 ’
1052 225 1094 288 ro

157 368 198 433 ‘at
221 372 343 433 dimissa
366 373 463 432 anima
486 389 593 451 corpus
617 379 698 434 caret
720 372 851 451 undique
876 389 979 433 sensu:

157 459 255 539 perdit
277 461 357 521 enim
380 459 458 537 qnod
481 477 541 519 non
563 462 717 538 proprium
740 461 796 521 init
818 461 884 520 eius
906 461 938 520 in
961 453 1054 520 aevo?

582 566 600 605 ιιι

157 633 308 713 multaque
330 641 485 713 praeterea
507 634 606 714 perdit
628 652 717 713 qnam
739 634 861 712 pellitur
883 641 960 696 ante.

202 722 306 783 Dicere
329 739 418 801 porro
442 721 542 783 oculos
565 721 675 782 nnllam
698 739 763 782 rem
785 740 909 783 cernere
931 740 1034 804 posse,

86 826 139 875 eoo
159 809 211 870 sed
233 827 288 888 per
310 827 362 870 eos
385 811 514 871 animum
538 817 572 870 nt
593 809 707 870 loribus
731 817 865 888 spectare
888 809 1028 891 reclusis,

159 897 320 977 difficilest,
344 905 446 958 contra
469 915 536 958 oum
559 914 665 957 sensns
688 897 767 957 dicat
788 915 904 978 eorum3

159 1003 264 1045 sensns
287 987 367 1045 enim
389 984 480 1045 trabit
503 992 596 1063 atque
613 986 693 1044 acies
716 983 847 1045 detrudit
870 984 906 1045 ad
928 986 1009 1063 ipsas

584 1092 601 1128 *

160 1159 269 1238 fulgida
291 1161 469 1238 praesertim
492 1177 559 1220 cnm
581 1176 704 1220 cernere
728 1176 816 1238 saepe
839 1162 1010 1240 nequimus,

159 1246 270 1307 lumina
293 1246 454 1307 luminibus
478 1249 547 1325 quia
569 1246 655 1307 nobis
677 1247 917 1326 praepediuntur.

87 1334 238 1414 estquod
266 1334 379 1395 loribus
408 1353 468 1395 000
490 1335 536 1394 fit:
563 1353 660 1413 neque
682 1337 762 1394 enim
785 1354 843 1413 qna
865 1337 1015 1396 cernimus
1037 1334 1096 1413 ipsi

161 1425 235 1482 ostia
258 1425 423 1501 suscipiunt
445 1421 537 1483 ullum
560 1421 675 1483 reclusa
697 1421 836 1483 laborem.

160 1517 311 1588 praeterea
335 1513 361 1570 si
383 1527 437 1588 pro
460 1509 574 1570 foribus
598 1517 666 1571 sunt
688 1509 799 1571 lumina
821 1518 936 1591 nostra,

160 1601 218 1658 iam
240 1600 334 1675 magis
357 1599 502 1676 exemptis
524 1596 618 1658 oculis
641 1596 750 1658 debere
772 1598 889 1658 ridetur

161 1702 284 1745 cernere
306 1703 355 1745 res
377 1687 493 1745 animus
517 1683 640 1746 sublatis
661 1684 797 1765 postibus
819 1687 901 1763 ipsis.

89 1788 141 1837 370
204 1771 279 1832 lllud
301 1774 333 1832 in
355 1773 402 1832 his
425 1771 515 1833 rebus
537 1789 723 1851 nequaqnam
746 1790 863 1832 sumere
885 1773 997 1852 possis,

161 1859 322 1920 Democriti
350 1861 426 1938 quod
459 1866 560 1920 sancta
581 1862 638 1920 viri
660 1861 806 1920 sententia
828 1861 925 1938 ponit,

161 1949 294 2026 corporis
317 1953 404 2026 atque
428 1949 519 2008 animi
540 1947 715 2026 primordia,
739 1946 852 2024 singula
874 1947 966 2024 priris

161 2034 306 2114 adposita,
329 2035 451 2095 alternis
472 2037 600 2114 variare,
623 2053 657 2095 ac
679 2041 799 2095 nectere
821 2032 962 2093 membra.

110 2162 113 2169 ,
162 2140 229 2182 uam
252 2140 320 2183 oum
341 2122 433 2182 multo
456 2128 526 2183 snnt
547 2125 663 2182 animae
686 2121 830 2182 elementa
852 2122 968 2181 minora

90 2225 143 2273 sto
162 2227 249 2288 quam
273 2208 380 2287 quibus
403 2228 420 2269 0
443 2227 551 2289 corpus
574 2209 660 2270 nobis
683 2217 714 2270 et
735 2212 848 2269 viscera
871 2214 1019 2289 constant,

161 2303 225 2357 tum
247 2314 371 2357 numero
395 2314 512 2375 quoque
535 2298 702 2358 concedunt
724 2303 754 2357 et
775 2315 842 2357 rara
863 2314 918 2375 per
941 2303 1023 2356 artus

162 2384 266 2443 dissita
289 2391 359 2444 sunt
381 2383 544 2465 dumtaxat3
567 2392 600 2445 ut
621 2385 678 2445 boc
700 2387 873 2464 promittere
895 2385 1007 2464 possis,

75 2542 78 2548 Ι
162 2470 301 2549 quantula
323 2473 418 2550 prima
441 2478 551 2550 queant
572 2471 659 2533 nobis
681 2473 789 2532 iniecta
812 2474 891 2532 ciere

128 2556 130 2560 ’
162 2577 285 2638 corpora
308 2559 468 2620 sensiferos
490 2566 589 2619 motus
611 2562 643 2619 in
666 2576 803 2639 corpore,
825 2566 905 2619 tanta

90 2661 144 2710 080
162 2645 314 2706 intervalla
335 2653 438 2707 tenere
461 2647 581 2707 exordia
603 2648 686 2725 priva
709 2648 824 2706 animai.

161 2752 228 2794 nam
252 2752 348 2812 neque
370 2733 501 2813 pulveris
524 2734 674 2794 interdum
696 2736 840 2795 sentimus
863 2733 1024 2793 adhaesum

162 2839 285 2900 corpore
308 2840 364 2882 000
385 2820 527 2882 membris
551 2824 699 2882 incussam
723 2821 820 2882 sidere
844 2827 967 2901 cretam,

161 2926 217 2968 nec
239 2908 376 2969 nebulam
398 2917 489 2970 noctu
511 2927 607 2989 neque
631 2912 732 2970 aranei
753 2910 850 2969 tenvia
873 2907 922 2968 fila

163 2995 246 3055 obvia
270 2999 426 3077 sentimus,
449 2996 566 3076 qnando
589 2996 752 3057 obretimur
775 3002 892 3076 euntes,

90 3097 143 3147 385
162 3101 217 3144 neo
240 3101 347 3162 supera
370 3092 458 3164 capnt
480 3084 615 3146 eiusdem
637 3084 780 3145 cecidisse
803 3086 911 3144 vietam

161 3178 286 3252 vestem,
308 3190 364 3234 nec
386 3172 501 3252 plmnas
524 3174 621 3233 avium
644 3189 814 3251 papposque
836 3170 974 3250 volantis,

162 3261 214 3338 qui
235 3261 328 3320 nimia
350 3259 469 3321 levitate
493 3259 601 3321 cadunt
622 3259 796 3338 plerumque
820 3261 975 3337 gravatim,

160 3365 216 3408 nec
237 3350 370 3426 repentis
393 3350 469 3409 itum
491 3349 749 3427 cuiusviscumque
773 3348 932 3408 animantis

160 3440 317 3519 sentimus,
339 3456 396 3501 nec
417 3437 501 3516 priva
524 3435 633 3515 pedum
655 3437 779 3513 vestigia
802 3451 950 3513 quaeque,

89 3542 140 3590 390
159 3543 283 3604 corpore
307 3529 437 3604 quaein
459 3530 563 3584 nostro
587 3523 696 3584 culices
720 3529 750 3582 et
773 3530 872 3582 cetera
894 3525 1017 3599 ponunt
